1596661235;Buy;5;2
1596661295;Buy;5;2
1596661625;Buy;13000;BTC-PERPETUAL
1596661660;Buy;13000;BTC-PERPETUAL
Deribit;1596661818;Buy;13000;BTC-PERPETUAL
Deribit;1596661822;Sell;Market;BTC-PERPETUAL
Deribit;1596661822;Sell;Market;BTC-PERPETUAL
Deribit;1596661898;Buy;13000;BTC-PERPETUAL
ByBit;1596661899;Buy;Market;BTCUSD
ByBit;1596661901;Sell;Market;BTCUSD
ByBit;1596661901;Sell;Market;BTCUSD
ByBit;1596661902;Sell;Market;BTCUSD
ByBit;1596661902;Sell;Market;BTCUSD
ByBit;1596661903;Sell;Market;BTCUSD
ByBit;1596661903;Sell;Market;BTCUSD
ByBit;1596661917;Buy;Market;BTCUSD
ByBit;1596661917;Buy;Market;BTCUSD
ByBit;1596661919;Sell;Market;BTCUSD
ByBit;1596661919;Sell;Market;BTCUSD
ByBit;1596661920;Sell;Market;BTCUSD
ByBit;1596661920;Sell;Market;BTCUSD
ByBit;1596661929;Buy;Market;BTCUSD
ByBit;1596661929;Buy;Market;BTCUSD
ByBit;1596661930;Buy;Market;BTCUSD
ByBit;1596661930;Buy;Market;BTCUSD
ByBit;1596661943;Sell;Market;BTCUSD
ByBit;1596661944;Sell;Market;BTCUSD
ByBit;1596661945;Buy;Market;BTCUSD
ByBit;1596661946;Buy;Market;BTCUSD
ByBit;1596661946;Buy;Market;BTCUSD
ByBit;1596661947;Buy;Market;BTCUSD
ByBit;1596661947;Buy;Market;BTCUSD
ByBit;1596661949;Sell;Market;BTCUSD
ByBit;1596661951;Buy;Market;BTCUSD
ByBit;1596661952;Buy;Market;BTCUSD
Deribit;1596661966;Sell;Market;BTC-PERPETUAL
Deribit;1596661966;Sell;Market;BTC-PERPETUAL
Deribit;1596661967;Sell;Market;BTC-PERPETUAL
Deribit;1596661967;Sell;Market;BTC-PERPETUAL
Deribit;1596661969;Buy;Market;BTC-PERPETUAL
Deribit;1596661969;Buy;Market;BTC-PERPETUAL
Deribit;1596661970;Buy;Market;BTC-PERPETUAL
Deribit;1596661970;Buy;Market;BTC-PERPETUAL
Deribit;1596661971;Buy;Market;BTC-PERPETUAL
Deribit;1596661971;Buy;Market;BTC-PERPETUAL
Deribit;1596661972;Buy;Market;BTC-PERPETUAL
Deribit;1596661972;Buy;Market;BTC-PERPETUAL
Deribit;1596661973;Buy;Market;BTC-PERPETUAL
Deribit;1596661975;Sell;Market;BTC-PERPETUAL
Deribit;1596661975;Sell;Market;BTC-PERPETUAL
Deribit;1596661976;Sell;Market;BTC-PERPETUAL
Deribit;1596661976;Sell;Market;BTC-PERPETUAL
Deribit;1596699524;Sell;Market;BTC-PERPETUAL
Deribit;1596699525;Sell;Market;BTC-PERPETUAL
Deribit;1596699525;Buy;Market;BTC-PERPETUAL
Deribit;1596699525;Buy;Market;BTC-PERPETUAL
Deribit;1596699529;Sell;Market;BTC-PERPETUAL
Deribit;1596699530;Sell;Market;BTC-PERPETUAL
Deribit;1596699532;Sell;Market;BTC-PERPETUAL
Deribit;1596699534;Sell;Market;BTC-PERPETUAL
Deribit;1596699534;Buy;Market;BTC-PERPETUAL
Deribit;1596699534;Buy;Market;BTC-PERPETUAL
Deribit;1596699535;Sell;Market;BTC-PERPETUAL
Deribit;1596699536;Sell;Market;BTC-PERPETUAL
Deribit;1596699538;Sell;Market;BTC-PERPETUAL
Deribit;1596699538;Buy;Market;BTC-PERPETUAL
Deribit;1596699538;Buy;Market;BTC-PERPETUAL
Deribit;1596699539;Sell;Market;BTC-PERPETUAL
Deribit;1596699539;Buy;Market;BTC-PERPETUAL
Deribit;1596699539;Buy;Market;BTC-PERPETUAL
Deribit;1596699540;Sell;Market;BTC-PERPETUAL
Deribit;1596699541;Sell;Market;BTC-PERPETUAL
Deribit;1596699545;Buy;Market;BTC-PERPETUAL
Deribit;1596699545;Buy;Market;BTC-PERPETUAL
Deribit;1596699547;Sell;Market;BTC-PERPETUAL
Deribit;1596700364;Sell;Market;BTC-PERPETUAL
Deribit;1596700365;Sell;Market;BTC-PERPETUAL
Deribit;1596700367;Sell;Market;BTC-PERPETUAL
Deribit;1596700370;Sell;Market;BTC-PERPETUAL
Deribit;1596700371;Sell;Market;BTC-PERPETUAL
Deribit;1596700372;Sell;Market;BTC-PERPETUAL
Deribit;1596700373;Sell;Market;BTC-PERPETUAL
Deribit;1596700374;Sell;Market;BTC-PERPETUAL
Deribit;1596700384;Sell;Market;BTC-PERPETUAL
Deribit;1596700385;Sell;Market;BTC-PERPETUAL
Deribit;1596700385;Buy;Market;BTC-PERPETUAL
Deribit;1596700385;Buy;Market;BTC-PERPETUAL
Deribit;1596700386;Sell;Market;BTC-PERPETUAL
Deribit;1596700386;Buy;Market;BTC-PERPETUAL
Deribit;1596700386;Buy;Market;BTC-PERPETUAL
Deribit;1596700387;Buy;Market;BTC-PERPETUAL
Deribit;1596700453;Sell;Market;BTC-PERPETUAL
Deribit;1596700453;Sell;Market;BTC-PERPETUAL
Deribit;1596700454;Sell;Market;BTC-PERPETUAL
Deribit;1596700516;Buy;Market;BTC-PERPETUAL
Deribit;1596700516;Buy;Market;BTC-PERPETUAL
Deribit;1596700521;Buy;Market;BTC-PERPETUAL
Deribit;1596700521;Buy;Market;BTC-PERPETUAL
Deribit;1596700991;Buy;Market;BTC-PERPETUAL
Deribit;1596701074;Sell;Market;BTC-PERPETUAL
Deribit;1596701074;Sell;Market;BTC-PERPETUAL
Deribit;1596701077;Buy;Market;BTC-PERPETUAL
Deribit;1596701077;Buy;Market;BTC-PERPETUAL
Deribit;1596701079;Buy;Market;BTC-PERPETUAL
ByBit;1596712693;Buy;Market;BTCUSD
ByBit;1596712743;Buy;Market;BTCUSD
ByBit;1596713229;Buy;Market;BTCUSD
ByBit;1596713269;Buy;Market;BTCUSD
ByBit;1596713343;Buy;Market;BTCUSD
ByBit;1596713393;Buy;Market;BTCUSD
ByBit;1596713424;Buy;Market;BTCUSD
ByBit;1596713569;Buy;Market;BTCUSD
ByBit;1596713613;Buy;Market;BTCUSD
ByBit;1596713630;Buy;Market;BTCUSD
ByBit;1596713662;Buy;Market;BTCUSD
ByBit;1596713681;Buy;Market;BTCUSD
ByBit;1596713694;Buy;Market;BTCUSD
ByBit;1596713729;Buy;Market;BTCUSD
ByBit;1596713757;Buy;Market;BTCUSD
ByBit;1596713768;Buy;Market;BTCUSD
ByBit;1596713815;Buy;Market;BTCUSD
ByBit;1596713837;Buy;Market;BTCUSD
ByBit;1596713877;Buy;Market;BTCUSD
ByBit;1596713882;Buy;Market;BTCUSD
ByBit;1596714493;Buy;Market;BTCUSD
ByBit;1596714532;Buy;Market;BTCUSD
ByBit;1596714566;Buy;Market;BTCUSD
ByBit;1596714606;Buy;Market;BTCUSD
ByBit;1596714750;Buy;Market;BTCUSD
ByBit;1596714780;Buy;Market;BTCUSD
ByBit;1596714785;Buy;Market;BTCUSD
ByBit;1596714790;Buy;Market;BTCUSD
ByBit;1596714836;Buy;Market;BTCUSD
ByBit;1596715014;Buy;Market;BTCUSD
ByBit;1596715034;Buy;Market;BTCUSD
ByBit;1596715068;Buy;Market;BTCUSD
ByBit;1596715105;Buy;Market;BTCUSD
ByBit;1596715130;Buy;Market;BTCUSD
ByBit;1596715365;Buy;Market;BTCUSD
ByBit;1596715489;Buy;Market;BTCUSD
ByBit;1596715566;Buy;Market;BTCUSD
ByBit;1596715642;Buy;Market;BTCUSD
ByBit;1596715685;Buy;Market;BTCUSD
ByBit;1596717786;Buy;Market;BTCUSD
ByBit;1596718107;Buy;Market;BTCUSD
ByBit;1596718313;Buy;Market;BTCUSD
Deribit;1596718834;Sell;Market;BTC-PERPETUAL
Deribit;1596718839;Buy;Market;BTC-PERPETUAL
Deribit;1596718839;Buy;Market;BTC-PERPETUAL
Deribit;1596718840;Buy;Market;BTC-PERPETUAL
Deribit;1596718857;Sell;Market;BTC-PERPETUAL
Deribit;1596718857;Sell;Market;BTC-PERPETUAL
Deribit;1596718858;Sell;Market;BTC-PERPETUAL
Deribit;1596718858;Sell;Market;BTC-PERPETUAL
Deribit;1596718896;Buy;Market;BTC-PERPETUAL
Deribit;1596718896;Buy;Market;BTC-PERPETUAL
Deribit;1596718899;Buy;Market;BTC-PERPETUAL
Deribit;1596718899;Buy;Market;BTC-PERPETUAL
Deribit;1596718901;Buy;Market;BTC-PERPETUAL
Deribit;1596718901;Buy;Market;BTC-PERPETUAL
Deribit;1596718903;Buy;Market;BTC-PERPETUAL
Deribit;1596718919;Sell;Market;BTC-PERPETUAL
Deribit;1596718919;Sell;Market;BTC-PERPETUAL
Deribit;1596719250;Sell;Market;BTC-PERPETUAL
Deribit;1596719331;Sell;Market;BTC-PERPETUAL
Deribit;1596719332;Sell;Market;BTC-PERPETUAL
Deribit;1596719338;Sell;Market;BTC-PERPETUAL
Deribit;1596719359;Sell;Market;BTC-PERPETUAL
Deribit;1596719416;Sell;Market;BTC-PERPETUAL
Deribit;1596719418;Sell;Market;BTC-PERPETUAL
Deribit;1596719448;Sell;Market;BTC-PERPETUAL
Deribit;1596719448;Sell;Market;BTC-PERPETUAL
Deribit;1596719449;Sell;Market;BTC-PERPETUAL
Deribit;1596719449;Sell;Market;BTC-PERPETUAL
Deribit;1596719554;Sell;Market;BTC-PERPETUAL
Deribit;1596719554;Sell;Market;BTC-PERPETUAL
Deribit;1596719556;Sell;Market;BTC-PERPETUAL
Deribit;1596719556;Sell;Market;BTC-PERPETUAL
Deribit;1596719558;Sell;Market;BTC-PERPETUAL
Deribit;1596719558;Sell;Market;BTC-PERPETUAL
Deribit;1596719560;Sell;Market;BTC-PERPETUAL
Deribit;1596719560;Sell;Market;BTC-PERPETUAL
Deribit;1596719562;Sell;Market;BTC-PERPETUAL
Deribit;1596719562;Sell;Market;BTC-PERPETUAL
Deribit;1596719564;Sell;Market;BTC-PERPETUAL
Deribit;1596719564;Sell;Market;BTC-PERPETUAL
Deribit;1596719566;Sell;Market;BTC-PERPETUAL
Deribit;1596719718;Sell;Market;BTC-PERPETUAL
Deribit;1596719719;Sell;Market;BTC-PERPETUAL
Deribit;1596719721;Sell;Market;BTC-PERPETUAL
Deribit;1596719722;Sell;Market;BTC-PERPETUAL
Deribit;1596719723;Sell;Market;BTC-PERPETUAL
Deribit;1596719724;Sell;Market;BTC-PERPETUAL
Deribit;1596719725;Sell;Market;BTC-PERPETUAL
Deribit;1596719726;Sell;Market;BTC-PERPETUAL
Deribit;1596719727;Sell;Market;BTC-PERPETUAL
Deribit;1596719728;Sell;Market;BTC-PERPETUAL
Deribit;1596719730;Sell;Market;BTC-PERPETUAL
Deribit;1596719731;Sell;Market;BTC-PERPETUAL
Deribit;1596719732;Sell;Market;BTC-PERPETUAL
Deribit;1596719733;Sell;Market;BTC-PERPETUAL
Deribit;1596719734;Sell;Market;BTC-PERPETUAL
Deribit;1596719737;Sell;Market;BTC-PERPETUAL
Deribit;1596719738;Sell;Market;BTC-PERPETUAL
Deribit;1596719739;Sell;Market;BTC-PERPETUAL
Deribit;1596719816;Buy;Market;BTC-PERPETUAL
Deribit;1596719816;Buy;Market;BTC-PERPETUAL
Deribit;1596719821;Buy;Market;BTC-PERPETUAL
Deribit;1596719821;Buy;Market;BTC-PERPETUAL
Deribit;1596719824;Buy;Market;BTC-PERPETUAL
Deribit;1596719824;Buy;Market;BTC-PERPETUAL
Deribit;1596719829;Buy;Market;BTC-PERPETUAL
Deribit;1596719829;Buy;Market;BTC-PERPETUAL
Deribit;1596719837;Buy;Market;BTC-PERPETUAL
Deribit;1596719837;Buy;Market;BTC-PERPETUAL
Deribit;1596719840;Buy;Market;BTC-PERPETUAL
Deribit;1596719840;Buy;Market;BTC-PERPETUAL
Deribit;1596719844;Buy;Market;BTC-PERPETUAL
Deribit;1596719844;Buy;Market;BTC-PERPETUAL
Deribit;1596719846;Buy;Market;BTC-PERPETUAL
Deribit;1596719846;Buy;Market;BTC-PERPETUAL
Deribit;1596719849;Buy;Market;BTC-PERPETUAL
Deribit;1596719849;Buy;Market;BTC-PERPETUAL
Deribit;1596719852;Buy;Market;BTC-PERPETUAL
Deribit;1596719852;Buy;Market;BTC-PERPETUAL
Deribit;1596719853;Buy;Market;BTC-PERPETUAL
Deribit;1596719853;Buy;Market;BTC-PERPETUAL
Deribit;1596719855;Buy;Market;BTC-PERPETUAL
Deribit;1596719858;Buy;Market;BTC-PERPETUAL
Deribit;1596719858;Buy;Market;BTC-PERPETUAL
Deribit;1596719859;Buy;Market;BTC-PERPETUAL
Deribit;1596719859;Buy;Market;BTC-PERPETUAL
Deribit;1596719860;Buy;Market;BTC-PERPETUAL
Deribit;1596719860;Buy;Market;BTC-PERPETUAL
Deribit;1596719863;Buy;Market;BTC-PERPETUAL
Deribit;1596719863;Buy;Market;BTC-PERPETUAL
Deribit;1596719864;Buy;Market;BTC-PERPETUAL
Deribit;1596719864;Buy;Market;BTC-PERPETUAL
Deribit;1596720038;Sell;Market;BTC-PERPETUAL
Deribit;1596720039;Sell;Market;BTC-PERPETUAL
Deribit;1596720041;Buy;Market;BTC-PERPETUAL
Deribit;1596720041;Buy;Market;BTC-PERPETUAL
Deribit;1596720042;Buy;Market;BTC-PERPETUAL
Deribit;1596720042;Buy;Market;BTC-PERPETUAL
Deribit;1596720043;Buy;Market;BTC-PERPETUAL
Deribit;1596720269;Sell;Market;BTC-PERPETUAL
Deribit;1596720280;Buy;Market;BTC-PERPETUAL
Deribit;1596720306;Buy;Market;BTC-PERPETUAL
Deribit;1596720373;Sell;Market;BTC-PERPETUAL
Deribit;1596720373;Sell;Market;BTC-PERPETUAL
Deribit;1596720377;Buy;Market;BTC-PERPETUAL
Deribit;1596720377;Buy;Market;BTC-PERPETUAL
Deribit;1596720378;Sell;Market;BTC-PERPETUAL
Deribit;1596720393;Buy;Market;BTC-PERPETUAL
Deribit;1596720393;Buy;Market;BTC-PERPETUAL
Deribit;1596720396;Buy;Market;BTC-PERPETUAL
Deribit;1596720480;Sell;Market;BTC-PERPETUAL
Deribit;1596720480;Sell;Market;BTC-PERPETUAL
Deribit;1596720481;Sell;Market;BTC-PERPETUAL
Deribit;1596720481;Sell;Market;BTC-PERPETUAL
Deribit;1596720508;Buy;Market;BTC-PERPETUAL
Deribit;1596720508;Buy;Market;BTC-PERPETUAL
Deribit;1596720509;Buy;Market;BTC-PERPETUAL
Deribit;1596720509;Buy;Market;BTC-PERPETUAL
Deribit;1596720510;Buy;Market;BTC-PERPETUAL
Deribit;1596720510;Buy;Market;BTC-PERPETUAL
Deribit;1596720511;Buy;Market;BTC-PERPETUAL
Deribit;1596720627;Sell;Market;BTC-PERPETUAL
Deribit;1596720627;Sell;Market;BTC-PERPETUAL
Deribit;1596720636;Buy;Market;BTC-PERPETUAL
Deribit;1596720636;Buy;Market;BTC-PERPETUAL
Deribit;1596720643;Sell;Market;BTC-PERPETUAL
Deribit;1596720668;Buy;Market;BTC-PERPETUAL
Deribit;1596720668;Buy;Market;BTC-PERPETUAL
Deribit;1596720669;Buy;Market;BTC-PERPETUAL
Deribit;1596720681;Sell;Market;BTC-PERPETUAL
Deribit;1596720681;Sell;Market;BTC-PERPETUAL
Deribit;1596720700;Buy;Market;BTC-PERPETUAL
Deribit;1596720700;Buy;Market;BTC-PERPETUAL
Deribit;1596720703;Buy;Market;BTC-PERPETUAL
Deribit;1596720704;Buy;Market;BTC-PERPETUAL
Deribit;1596720705;Buy;Market;BTC-PERPETUAL
Deribit;1596720758;Sell;Market;BTC-PERPETUAL
Deribit;1596720759;Sell;Market;BTC-PERPETUAL
Deribit;1596720760;Buy;Market;BTC-PERPETUAL
Deribit;1596720761;Buy;Market;BTC-PERPETUAL
Deribit;1596720761;Buy;Market;BTC-PERPETUAL
Deribit;1596720762;Buy;Market;BTC-PERPETUAL
Deribit;1596720762;Buy;Market;BTC-PERPETUAL
Deribit;1596720763;Buy;Market;BTC-PERPETUAL
Deribit;1596720763;Buy;Market;BTC-PERPETUAL
Deribit;1596720764;Buy;Market;BTC-PERPETUAL
Deribit;1596720796;Sell;Market;BTC-PERPETUAL
Deribit;1596720797;Buy;Market;BTC-PERPETUAL
Deribit;1596720938;Sell;Market;BTC-PERPETUAL
Deribit;1596720939;Buy;Market;BTC-PERPETUAL
Deribit;1596721098;Sell;Market;BTC-PERPETUAL
Deribit;1596721098;Sell;Market;BTC-PERPETUAL
Deribit;1596721098;Sell;Market;BTC-PERPETUAL
Deribit;1596721149;Buy;Market;BTC-PERPETUAL
Deribit;1596721149;Buy;Market;BTC-PERPETUAL
Deribit;1596721150;Buy;Market;BTC-PERPETUAL
Deribit;1596721150;Buy;Market;BTC-PERPETUAL
Deribit;1596721151;Buy;Market;BTC-PERPETUAL
Deribit;1596721151;Buy;Market;BTC-PERPETUAL
Deribit;1596721197;Buy;Market;BTC-PERPETUAL
Deribit;1596721198;Sell;Market;BTC-PERPETUAL
Deribit;1596721199;Sell;Market;BTC-PERPETUAL
Deribit;1596721201;Buy;Market;BTC-PERPETUAL
Deribit;1596721201;Buy;Market;BTC-PERPETUAL
Deribit;1596721202;Buy;Market;BTC-PERPETUAL
Deribit;1596721202;Buy;Market;BTC-PERPETUAL
Deribit;1596721203;Buy;Market;BTC-PERPETUAL
Deribit;1596721284;Buy;Market;BTC-PERPETUAL
Deribit;1596721285;Buy;Market;BTC-PERPETUAL
Deribit;1596721287;Buy;Market;BTC-PERPETUAL
Deribit;1596721288;Buy;Market;BTC-PERPETUAL
Deribit;1596721289;Buy;Market;BTC-PERPETUAL
Deribit;1596721290;Buy;Market;BTC-PERPETUAL
Deribit;1596721291;Buy;Market;BTC-PERPETUAL
Deribit;1596721292;Buy;Market;BTC-PERPETUAL
Deribit;1596721293;Buy;Market;BTC-PERPETUAL
Deribit;1596721294;Sell;Market;BTC-PERPETUAL
Deribit;1596721295;Sell;Market;BTC-PERPETUAL
Deribit;1596721298;Buy;Market;BTC-PERPETUAL
Deribit;1596721298;Buy;Market;BTC-PERPETUAL
Deribit;1596721301;Buy;Market;BTC-PERPETUAL
Deribit;1596721302;Buy;Market;BTC-PERPETUAL
Deribit;1596721302;Buy;Market;BTC-PERPETUAL
Deribit;1596721303;Buy;Market;BTC-PERPETUAL
Deribit;1596721303;Buy;Market;BTC-PERPETUAL
Deribit;1596721304;Buy;Market;BTC-PERPETUAL
Deribit;1596721304;Buy;Market;BTC-PERPETUAL
Deribit;1596721305;Buy;Market;BTC-PERPETUAL
Deribit;1596721305;Buy;Market;BTC-PERPETUAL
Deribit;1596721307;Buy;Market;BTC-PERPETUAL
Deribit;1596721307;Buy;Market;BTC-PERPETUAL
Deribit;1596721308;Buy;Market;BTC-PERPETUAL
Deribit;1596721308;Buy;Market;BTC-PERPETUAL
Deribit;1596721309;Buy;Market;BTC-PERPETUAL
Deribit;1596721309;Buy;Market;BTC-PERPETUAL
Deribit;1596721310;Buy;Market;BTC-PERPETUAL
Deribit;1596721310;Buy;Market;BTC-PERPETUAL
Deribit;1596721311;Buy;Market;BTC-PERPETUAL
Deribit;1596721311;Buy;Market;BTC-PERPETUAL
Deribit;1596721312;Buy;Market;BTC-PERPETUAL
Deribit;1596721789;Buy;Market;BTC-PERPETUAL
Deribit;1596721791;Sell;Market;BTC-PERPETUAL
Deribit;1596721792;Buy;Market;BTC-PERPETUAL
Deribit;1596722149;Buy;Market;BTC-PERPETUAL
Deribit;1596722150;Buy;Market;BTC-PERPETUAL
Deribit;1596722151;Buy;Market;BTC-PERPETUAL
Deribit;1596722152;Buy;Market;BTC-PERPETUAL
Deribit;1596722153;Buy;Market;BTC-PERPETUAL
Deribit;1596722154;Buy;Market;BTC-PERPETUAL
Deribit;1596722389;Buy;Market;BTC-PERPETUAL
Deribit;1596722443;Sell;Market;BTC-PERPETUAL
Deribit;1596722443;Sell;Market;BTC-PERPETUAL
Deribit;1596722444;Sell;Market;BTC-PERPETUAL
Deribit;1596722445;Sell;Market;BTC-PERPETUAL
Deribit;1596722446;Sell;Market;BTC-PERPETUAL
Deribit;1596722447;Sell;Market;BTC-PERPETUAL
Deribit;1596722464;Sell;Market;BTC-PERPETUAL
Deribit;1596722465;Sell;Market;BTC-PERPETUAL
Deribit;1596722466;Sell;Market;BTC-PERPETUAL
Deribit;1596722467;Sell;Market;BTC-PERPETUAL
Deribit;1596722468;Sell;Market;BTC-PERPETUAL
Deribit;1596722469;Sell;Market;BTC-PERPETUAL
Deribit;1596722470;Sell;Market;BTC-PERPETUAL
Deribit;1596722472;Sell;Market;BTC-PERPETUAL
Deribit;1596722473;Sell;Market;BTC-PERPETUAL
Deribit;1596722474;Sell;Market;BTC-PERPETUAL
Deribit;1596722475;Sell;Market;BTC-PERPETUAL
Deribit;1596722476;Sell;Market;BTC-PERPETUAL
Deribit;1596722477;Sell;Market;BTC-PERPETUAL
Deribit;1596722478;Sell;Market;BTC-PERPETUAL
Deribit;1596722479;Sell;Market;BTC-PERPETUAL
Deribit;1596722480;Sell;Market;BTC-PERPETUAL
Deribit;1596722481;Sell;Market;BTC-PERPETUAL
Deribit;1596722482;Sell;Market;BTC-PERPETUAL
Deribit;1596722483;Sell;Market;BTC-PERPETUAL
Deribit;1596722484;Sell;Market;BTC-PERPETUAL
Deribit;1596722485;Sell;Market;BTC-PERPETUAL
Deribit;1596722486;Sell;Market;BTC-PERPETUAL
Deribit;1596722487;Sell;Market;BTC-PERPETUAL
Deribit;1596722488;Sell;Market;BTC-PERPETUAL
Deribit;1596722489;Sell;Market;BTC-PERPETUAL
Deribit;1596722490;Sell;Market;BTC-PERPETUAL
Deribit;1596722491;Sell;Market;BTC-PERPETUAL
Deribit;1596722492;Sell;Market;BTC-PERPETUAL
Deribit;1596722493;Sell;Market;BTC-PERPETUAL
Deribit;1596722494;Sell;Market;BTC-PERPETUAL
Deribit;1596722495;Sell;Market;BTC-PERPETUAL
Deribit;1596722496;Sell;Market;BTC-PERPETUAL
Deribit;1596722497;Sell;Market;BTC-PERPETUAL
Deribit;1596722498;Sell;Market;BTC-PERPETUAL
Deribit;1596722644;Buy;Market;BTC-PERPETUAL
Deribit;1596722644;Buy;Market;BTC-PERPETUAL
Deribit;1596722645;Buy;Market;BTC-PERPETUAL
Deribit;1596722645;Buy;Market;BTC-PERPETUAL
Deribit;1596722646;Buy;Market;BTC-PERPETUAL
Deribit;1596722646;Buy;Market;BTC-PERPETUAL
Deribit;1596722647;Buy;Market;BTC-PERPETUAL
Deribit;1596722670;Sell;Market;BTC-PERPETUAL
Deribit;1596722670;Sell;Market;BTC-PERPETUAL
ByBit;1596722749;Buy;Market;BTCUSD
Deribit;1596722751;Buy;Market;BTC-PERPETUAL
Deribit;1596722751;Buy;Market;BTC-PERPETUAL
Deribit;1596722752;Buy;Market;BTC-PERPETUAL
Deribit;1596722752;Buy;Market;BTC-PERPETUAL
Deribit;1596722753;Buy;Market;BTC-PERPETUAL
Deribit;1596722769;Buy;Market;BTC-PERPETUAL
Deribit;1596722771;Buy;Market;BTC-PERPETUAL
Deribit;1596722778;Sell;Market;BTC-PERPETUAL
Deribit;1596722779;Sell;Market;BTC-PERPETUAL
Deribit;1596722785;Sell;Market;BTC-PERPETUAL
Deribit;1596722786;Sell;Market;BTC-PERPETUAL
Deribit;1596722806;Buy;Market;BTC-PERPETUAL
Deribit;1596722806;Buy;Market;BTC-PERPETUAL
Deribit;1596722807;Buy;Market;BTC-PERPETUAL
Deribit;1596722807;Buy;Market;BTC-PERPETUAL
Deribit;1596722808;Buy;Market;BTC-PERPETUAL
Deribit;1596722808;Buy;Market;BTC-PERPETUAL
Deribit;1596722910;Sell;Market;BTC-PERPETUAL
Deribit;1596722910;Sell;Market;BTC-PERPETUAL
Deribit;1596722911;Sell;Market;BTC-PERPETUAL
Deribit;1596722911;Sell;Market;BTC-PERPETUAL
Deribit;1596723028;Sell;Market;BTC-PERPETUAL
Deribit;1596723029;Sell;Market;BTC-PERPETUAL
Deribit;1596723030;Sell;Market;BTC-PERPETUAL
Deribit;1596723031;Sell;Market;BTC-PERPETUAL
Deribit;1596723032;Sell;Market;BTC-PERPETUAL
Deribit;1596723033;Sell;Market;BTC-PERPETUAL
Deribit;1596723034;Sell;Market;BTC-PERPETUAL
Deribit;1596723035;Sell;Market;BTC-PERPETUAL
Deribit;1596723036;Sell;Market;BTC-PERPETUAL
Deribit;1596723037;Sell;Market;BTC-PERPETUAL
Deribit;1596723038;Sell;Market;BTC-PERPETUAL
Deribit;1596723039;Sell;Market;BTC-PERPETUAL
Deribit;1596723040;Sell;Market;BTC-PERPETUAL
Deribit;1596723041;Sell;Market;BTC-PERPETUAL
Deribit;1596723043;Sell;Market;BTC-PERPETUAL
Deribit;1596723044;Sell;Market;BTC-PERPETUAL
Deribit;1596723045;Sell;Market;BTC-PERPETUAL
Deribit;1596723046;Sell;Market;BTC-PERPETUAL
Deribit;1596723047;Sell;Market;BTC-PERPETUAL
Deribit;1596723048;Sell;Market;BTC-PERPETUAL
Deribit;1596723049;Sell;Market;BTC-PERPETUAL
Deribit;1596723050;Sell;Market;BTC-PERPETUAL
Deribit;1596723051;Sell;Market;BTC-PERPETUAL
Deribit;1596723052;Sell;Market;BTC-PERPETUAL
Deribit;1596723053;Sell;Market;BTC-PERPETUAL
Deribit;1596723054;Sell;Market;BTC-PERPETUAL
Deribit;1596723055;Sell;Market;BTC-PERPETUAL
Deribit;1596723056;Sell;Market;BTC-PERPETUAL
Deribit;1596723057;Sell;Market;BTC-PERPETUAL
Deribit;1596723058;Sell;Market;BTC-PERPETUAL
Deribit;1596723059;Sell;Market;BTC-PERPETUAL
Deribit;1596723060;Sell;Market;BTC-PERPETUAL
Deribit;1596723061;Sell;Market;BTC-PERPETUAL
Deribit;1596723062;Sell;Market;BTC-PERPETUAL
Deribit;1596723063;Sell;Market;BTC-PERPETUAL
Deribit;1596723064;Sell;Market;BTC-PERPETUAL
Deribit;1596723065;Sell;Market;BTC-PERPETUAL
Deribit;1596723066;Sell;Market;BTC-PERPETUAL
Deribit;1596723067;Sell;Market;BTC-PERPETUAL
Deribit;1596723068;Sell;Market;BTC-PERPETUAL
Deribit;1596723069;Sell;Market;BTC-PERPETUAL
Deribit;1596723070;Sell;Market;BTC-PERPETUAL
Deribit;1596723071;Sell;Market;BTC-PERPETUAL
Deribit;1596723072;Sell;Market;BTC-PERPETUAL
Deribit;1596723073;Sell;Market;BTC-PERPETUAL
Deribit;1596723074;Sell;Market;BTC-PERPETUAL
Deribit;1596723075;Sell;Market;BTC-PERPETUAL
Deribit;1596723076;Sell;Market;BTC-PERPETUAL
Deribit;1596723077;Sell;Market;BTC-PERPETUAL
Deribit;1596723078;Sell;Market;BTC-PERPETUAL
Deribit;1596723079;Sell;Market;BTC-PERPETUAL
Deribit;1596723080;Sell;Market;BTC-PERPETUAL
Deribit;1596723081;Sell;Market;BTC-PERPETUAL
Deribit;1596723082;Sell;Market;BTC-PERPETUAL
Deribit;1596723083;Sell;Market;BTC-PERPETUAL
Deribit;1596723084;Sell;Market;BTC-PERPETUAL
Deribit;1596723085;Sell;Market;BTC-PERPETUAL
Deribit;1596723086;Sell;Market;BTC-PERPETUAL
Deribit;1596723088;Sell;Market;BTC-PERPETUAL
Deribit;1596723089;Sell;Market;BTC-PERPETUAL
Deribit;1596723090;Sell;Market;BTC-PERPETUAL
Deribit;1596723091;Sell;Market;BTC-PERPETUAL
Deribit;1596723092;Sell;Market;BTC-PERPETUAL
Deribit;1596723093;Sell;Market;BTC-PERPETUAL
Deribit;1596723094;Sell;Market;BTC-PERPETUAL
Deribit;1596723095;Sell;Market;BTC-PERPETUAL
Deribit;1596723096;Sell;Market;BTC-PERPETUAL
Deribit;1596723097;Sell;Market;BTC-PERPETUAL
Deribit;1596723098;Sell;Market;BTC-PERPETUAL
Deribit;1596723100;Sell;Market;BTC-PERPETUAL
Deribit;1596723101;Sell;Market;BTC-PERPETUAL
Deribit;1596723102;Sell;Market;BTC-PERPETUAL
Deribit;1596723103;Sell;Market;BTC-PERPETUAL
Deribit;1596723104;Sell;Market;BTC-PERPETUAL
Deribit;1596723105;Sell;Market;BTC-PERPETUAL
Deribit;1596723107;Sell;Market;BTC-PERPETUAL
Deribit;1596723108;Sell;Market;BTC-PERPETUAL
Deribit;1596723109;Sell;Market;BTC-PERPETUAL
Deribit;1596723110;Sell;Market;BTC-PERPETUAL
Deribit;1596723111;Sell;Market;BTC-PERPETUAL
Deribit;1596723112;Sell;Market;BTC-PERPETUAL
Deribit;1596723113;Sell;Market;BTC-PERPETUAL
Deribit;1596723114;Sell;Market;BTC-PERPETUAL
Deribit;1596723115;Sell;Market;BTC-PERPETUAL
Deribit;1596723116;Sell;Market;BTC-PERPETUAL
Deribit;1596723117;Sell;Market;BTC-PERPETUAL
Deribit;1596723120;Sell;Market;BTC-PERPETUAL
Deribit;1596723121;Sell;Market;BTC-PERPETUAL
Deribit;1596723122;Sell;Market;BTC-PERPETUAL
Deribit;1596723124;Sell;Market;BTC-PERPETUAL
Deribit;1596723124;Sell;Market;BTC-PERPETUAL
Deribit;1596723125;Sell;Market;BTC-PERPETUAL
Deribit;1596723126;Sell;Market;BTC-PERPETUAL
Deribit;1596723127;Sell;Market;BTC-PERPETUAL
Deribit;1596723128;Sell;Market;BTC-PERPETUAL
Deribit;1596723129;Sell;Market;BTC-PERPETUAL
Deribit;1596723130;Sell;Market;BTC-PERPETUAL
Deribit;1596723131;Sell;Market;BTC-PERPETUAL
Deribit;1596723132;Sell;Market;BTC-PERPETUAL
Deribit;1596723133;Sell;Market;BTC-PERPETUAL
Deribit;1596723134;Sell;Market;BTC-PERPETUAL
Deribit;1596723135;Sell;Market;BTC-PERPETUAL
Deribit;1596723136;Sell;Market;BTC-PERPETUAL
Deribit;1596723137;Sell;Market;BTC-PERPETUAL
Deribit;1596723139;Sell;Market;BTC-PERPETUAL
Deribit;1596723139;Sell;Market;BTC-PERPETUAL
Deribit;1596723140;Sell;Market;BTC-PERPETUAL
Deribit;1596723141;Sell;Market;BTC-PERPETUAL
Deribit;1596723142;Sell;Market;BTC-PERPETUAL
Deribit;1596723144;Sell;Market;BTC-PERPETUAL
Deribit;1596723144;Sell;Market;BTC-PERPETUAL
Deribit;1596723146;Sell;Market;BTC-PERPETUAL
Deribit;1596723147;Sell;Market;BTC-PERPETUAL
Deribit;1596723149;Sell;Market;BTC-PERPETUAL
Deribit;1596723149;Sell;Market;BTC-PERPETUAL
Deribit;1596723151;Sell;Market;BTC-PERPETUAL
Deribit;1596723152;Sell;Market;BTC-PERPETUAL
Deribit;1596723153;Sell;Market;BTC-PERPETUAL
Deribit;1596723154;Sell;Market;BTC-PERPETUAL
Deribit;1596723155;Sell;Market;BTC-PERPETUAL
Deribit;1596723156;Sell;Market;BTC-PERPETUAL
Deribit;1596723157;Sell;Market;BTC-PERPETUAL
Deribit;1596723159;Sell;Market;BTC-PERPETUAL
Deribit;1596723160;Sell;Market;BTC-PERPETUAL
Deribit;1596723161;Sell;Market;BTC-PERPETUAL
Deribit;1596723162;Sell;Market;BTC-PERPETUAL
Deribit;1596723163;Sell;Market;BTC-PERPETUAL
Deribit;1596723164;Sell;Market;BTC-PERPETUAL
Deribit;1596723165;Sell;Market;BTC-PERPETUAL
Deribit;1596723166;Sell;Market;BTC-PERPETUAL
Deribit;1596723167;Sell;Market;BTC-PERPETUAL
Deribit;1596723171;Sell;Market;BTC-PERPETUAL
Deribit;1596723172;Sell;Market;BTC-PERPETUAL
Deribit;1596723758;Sell;Market;BTC-PERPETUAL
Deribit;1596723759;Sell;Market;BTC-PERPETUAL
Deribit;1596723760;Sell;Market;BTC-PERPETUAL
Deribit;1596723762;Sell;Market;BTC-PERPETUAL
Deribit;1596723763;Sell;Market;BTC-PERPETUAL
Deribit;1596723764;Sell;Market;BTC-PERPETUAL
Deribit;1596723766;Sell;Market;BTC-PERPETUAL
Deribit;1596723769;Sell;Market;BTC-PERPETUAL
Deribit;1596723770;Sell;Market;BTC-PERPETUAL
Deribit;1596723771;Sell;Market;BTC-PERPETUAL
Deribit;1596723774;Sell;Market;BTC-PERPETUAL
Deribit;1596723775;Sell;Market;BTC-PERPETUAL
Deribit;1596723776;Sell;Market;BTC-PERPETUAL
Deribit;1596723778;Sell;Market;BTC-PERPETUAL
Deribit;1596723779;Sell;Market;BTC-PERPETUAL
Deribit;1596723780;Sell;Market;BTC-PERPETUAL
Deribit;1596723781;Sell;Market;BTC-PERPETUAL
Deribit;1596723782;Sell;Market;BTC-PERPETUAL
Deribit;1596723783;Sell;Market;BTC-PERPETUAL
Deribit;1596723784;Sell;Market;BTC-PERPETUAL
Deribit;1596723785;Sell;Market;BTC-PERPETUAL
Deribit;1596723786;Sell;Market;BTC-PERPETUAL
Deribit;1596723787;Sell;Market;BTC-PERPETUAL
Deribit;1596723788;Sell;Market;BTC-PERPETUAL
Deribit;1596723789;Sell;Market;BTC-PERPETUAL
Deribit;1596723790;Sell;Market;BTC-PERPETUAL
Deribit;1596723791;Sell;Market;BTC-PERPETUAL
Deribit;1596723792;Sell;Market;BTC-PERPETUAL
Deribit;1596723847;Sell;Market;BTC-PERPETUAL
Deribit;1596723848;Sell;Market;BTC-PERPETUAL
Deribit;1596723850;Sell;Market;BTC-PERPETUAL
Deribit;1596723850;Sell;Market;BTC-PERPETUAL
Deribit;1596723851;Sell;Market;BTC-PERPETUAL
Deribit;1596723853;Sell;Market;BTC-PERPETUAL
Deribit;1596723854;Sell;Market;BTC-PERPETUAL
Deribit;1596723855;Sell;Market;BTC-PERPETUAL
Deribit;1596723856;Sell;Market;BTC-PERPETUAL
Deribit;1596723857;Sell;Market;BTC-PERPETUAL
Deribit;1596723859;Sell;Market;BTC-PERPETUAL
Deribit;1596723859;Sell;Market;BTC-PERPETUAL
Deribit;1596723861;Sell;Market;BTC-PERPETUAL
Deribit;1596723861;Sell;Market;BTC-PERPETUAL
Deribit;1596723862;Sell;Market;BTC-PERPETUAL
Deribit;1596723864;Sell;Market;BTC-PERPETUAL
Deribit;1596723864;Sell;Market;BTC-PERPETUAL
Deribit;1596723866;Sell;Market;BTC-PERPETUAL
Deribit;1596723867;Sell;Market;BTC-PERPETUAL
Deribit;1596723867;Sell;Market;BTC-PERPETUAL
Deribit;1596723869;Sell;Market;BTC-PERPETUAL
Deribit;1596723871;Sell;Market;BTC-PERPETUAL
Deribit;1596723872;Sell;Market;BTC-PERPETUAL
Deribit;1596723873;Sell;Market;BTC-PERPETUAL
Deribit;1596723874;Sell;Market;BTC-PERPETUAL
Deribit;1596723875;Sell;Market;BTC-PERPETUAL
Deribit;1596723877;Sell;Market;BTC-PERPETUAL
Deribit;1596723878;Sell;Market;BTC-PERPETUAL
Deribit;1596723879;Sell;Market;BTC-PERPETUAL
Deribit;1596723880;Sell;Market;BTC-PERPETUAL
Deribit;1596724234;Buy;Market;BTC-PERPETUAL
Deribit;1596724234;Buy;Market;BTC-PERPETUAL
Deribit;1596724235;Buy;Market;BTC-PERPETUAL
Deribit;1596724235;Buy;Market;BTC-PERPETUAL
Deribit;1596724236;Buy;Market;BTC-PERPETUAL
Deribit;1596724236;Buy;Market;BTC-PERPETUAL
Deribit;1596724237;Buy;Market;BTC-PERPETUAL
Deribit;1596724237;Buy;Market;BTC-PERPETUAL
Deribit;1596724238;Buy;Market;BTC-PERPETUAL
Deribit;1596724238;Buy;Market;BTC-PERPETUAL
Deribit;1596724239;Buy;Market;BTC-PERPETUAL
Deribit;1596724239;Buy;Market;BTC-PERPETUAL
Deribit;1596724240;Buy;Market;BTC-PERPETUAL
Deribit;1596724240;Buy;Market;BTC-PERPETUAL
Deribit;1596724241;Buy;Market;BTC-PERPETUAL
Deribit;1596724241;Buy;Market;BTC-PERPETUAL
Deribit;1596724242;Buy;Market;BTC-PERPETUAL
Deribit;1596724242;Buy;Market;BTC-PERPETUAL
Deribit;1596724243;Buy;Market;BTC-PERPETUAL
Deribit;1596724243;Buy;Market;BTC-PERPETUAL
Deribit;1596724244;Buy;Market;BTC-PERPETUAL
Deribit;1596724244;Buy;Market;BTC-PERPETUAL
Deribit;1596724245;Buy;Market;BTC-PERPETUAL
Deribit;1596724245;Buy;Market;BTC-PERPETUAL
Deribit;1596724246;Buy;Market;BTC-PERPETUAL
Deribit;1596724246;Buy;Market;BTC-PERPETUAL
Deribit;1596724247;Buy;Market;BTC-PERPETUAL
Deribit;1596724247;Buy;Market;BTC-PERPETUAL
Deribit;1596724248;Buy;Market;BTC-PERPETUAL
Deribit;1596724249;Buy;Market;BTC-PERPETUAL
Deribit;1596724250;Buy;Market;BTC-PERPETUAL
Deribit;1596724250;Buy;Market;BTC-PERPETUAL
Deribit;1596724251;Buy;Market;BTC-PERPETUAL
Deribit;1596724251;Buy;Market;BTC-PERPETUAL
Deribit;1596724252;Buy;Market;BTC-PERPETUAL
Deribit;1596724252;Buy;Market;BTC-PERPETUAL
Deribit;1596724253;Buy;Market;BTC-PERPETUAL
Deribit;1596724253;Buy;Market;BTC-PERPETUAL
Deribit;1596724254;Buy;Market;BTC-PERPETUAL
Deribit;1596724355;Buy;Market;BTC-PERPETUAL
Deribit;1596724362;Buy;Market;BTC-PERPETUAL
Deribit;1596724378;Buy;Market;BTC-PERPETUAL
Deribit;1596724430;Sell;Market;BTC-PERPETUAL
Deribit;1596724431;Buy;Market;BTC-PERPETUAL
Deribit;1596724433;Buy;Market;BTC-PERPETUAL
Deribit;1596724434;Buy;Market;BTC-PERPETUAL
Deribit;1596724436;Buy;Market;BTC-PERPETUAL
Deribit;1596724459;Buy;Market;BTC-PERPETUAL
Deribit;1596724475;Buy;Market;BTC-PERPETUAL
Deribit;1596724483;Buy;Market;BTC-PERPETUAL
Deribit;1596724506;Buy;Market;BTC-PERPETUAL
Deribit;1596724507;Buy;Market;BTC-PERPETUAL
Deribit;1596724522;Sell;Market;BTC-PERPETUAL
Deribit;1596724522;Sell;Market;BTC-PERPETUAL
Deribit;1596724530;Sell;Market;BTC-PERPETUAL
Deribit;1596724538;Sell;Market;BTC-PERPETUAL
Deribit;1596724546;Sell;Market;BTC-PERPETUAL
Deribit;1596724562;Sell;Market;BTC-PERPETUAL
Deribit;1596724569;Sell;Market;BTC-PERPETUAL
Deribit;1596724570;Sell;Market;BTC-PERPETUAL
Deribit;1596724571;Sell;Market;BTC-PERPETUAL
Deribit;1596724572;Sell;Market;BTC-PERPETUAL
Deribit;1596724573;Sell;Market;BTC-PERPETUAL
Deribit;1596724575;Sell;Market;BTC-PERPETUAL
Deribit;1596724575;Sell;Market;BTC-PERPETUAL
Deribit;1596724576;Sell;Market;BTC-PERPETUAL
Deribit;1596724577;Sell;Market;BTC-PERPETUAL
Deribit;1596724578;Sell;Market;BTC-PERPETUAL
Deribit;1596724579;Sell;Market;BTC-PERPETUAL
Deribit;1596724580;Sell;Market;BTC-PERPETUAL
Deribit;1596724581;Sell;Market;BTC-PERPETUAL
Deribit;1596724583;Sell;Market;BTC-PERPETUAL
Deribit;1596724584;Sell;Market;BTC-PERPETUAL
Deribit;1596724585;Sell;Market;BTC-PERPETUAL
Deribit;1596724586;Sell;Market;BTC-PERPETUAL
Deribit;1596724587;Sell;Market;BTC-PERPETUAL
Deribit;1596724588;Sell;Market;BTC-PERPETUAL
Deribit;1596724589;Sell;Market;BTC-PERPETUAL
Deribit;1596724611;Sell;Market;BTC-PERPETUAL
Deribit;1596724658;Sell;Market;BTC-PERPETUAL
Deribit;1596724675;Sell;Market;BTC-PERPETUAL
Deribit;1596724676;Sell;Market;BTC-PERPETUAL
Deribit;1596724678;Sell;Market;BTC-PERPETUAL
Deribit;1596724680;Sell;Market;BTC-PERPETUAL
Deribit;1596724682;Sell;Market;BTC-PERPETUAL
Deribit;1596724683;Sell;Market;BTC-PERPETUAL
Deribit;1596724685;Sell;Market;BTC-PERPETUAL
Deribit;1596724685;Sell;Market;BTC-PERPETUAL
Deribit;1596724686;Sell;Market;BTC-PERPETUAL
Deribit;1596724687;Sell;Market;BTC-PERPETUAL
Deribit;1596724688;Sell;Market;BTC-PERPETUAL
Deribit;1596724691;Sell;Market;BTC-PERPETUAL
Deribit;1596724692;Sell;Market;BTC-PERPETUAL
Deribit;1596724693;Sell;Market;BTC-PERPETUAL
Deribit;1596724694;Sell;Market;BTC-PERPETUAL
Deribit;1596724695;Sell;Market;BTC-PERPETUAL
Deribit;1596724696;Sell;Market;BTC-PERPETUAL
Deribit;1596724697;Sell;Market;BTC-PERPETUAL
Deribit;1596724698;Sell;Market;BTC-PERPETUAL
Deribit;1596724700;Sell;Market;BTC-PERPETUAL
Deribit;1596724701;Sell;Market;BTC-PERPETUAL
Deribit;1596724702;Sell;Market;BTC-PERPETUAL
Deribit;1596724705;Sell;Market;BTC-PERPETUAL
Deribit;1596724705;Sell;Market;BTC-PERPETUAL
Deribit;1596724708;Sell;Market;BTC-PERPETUAL
Deribit;1596724710;Sell;Market;BTC-PERPETUAL
Deribit;1596724710;Sell;Market;BTC-PERPETUAL
Deribit;1596724712;Sell;Market;BTC-PERPETUAL
Deribit;1596724713;Sell;Market;BTC-PERPETUAL
Deribit;1596724714;Sell;Market;BTC-PERPETUAL
Deribit;1596724715;Sell;Market;BTC-PERPETUAL
Deribit;1596724716;Sell;Market;BTC-PERPETUAL
Deribit;1596724717;Sell;Market;BTC-PERPETUAL
Deribit;1596724718;Sell;Market;BTC-PERPETUAL
Deribit;1596724719;Sell;Market;BTC-PERPETUAL
Deribit;1596724720;Sell;Market;BTC-PERPETUAL
Deribit;1596724721;Sell;Market;BTC-PERPETUAL
Deribit;1596724722;Sell;Market;BTC-PERPETUAL
Deribit;1596724724;Sell;Market;BTC-PERPETUAL
Deribit;1596724725;Sell;Market;BTC-PERPETUAL
Deribit;1596724725;Sell;Market;BTC-PERPETUAL
Deribit;1596724726;Sell;Market;BTC-PERPETUAL
Deribit;1596724727;Sell;Market;BTC-PERPETUAL
Deribit;1596724728;Sell;Market;BTC-PERPETUAL
Deribit;1596724730;Sell;Market;BTC-PERPETUAL
Deribit;1596724752;Sell;Market;BTC-PERPETUAL
Deribit;1596724753;Sell;Market;BTC-PERPETUAL
Deribit;1596724754;Sell;Market;BTC-PERPETUAL
Deribit;1596724755;Sell;Market;BTC-PERPETUAL
Deribit;1596724756;Sell;Market;BTC-PERPETUAL
Deribit;1596724757;Sell;Market;BTC-PERPETUAL
Deribit;1596724758;Sell;Market;BTC-PERPETUAL
Deribit;1596724759;Sell;Market;BTC-PERPETUAL
Deribit;1596724760;Sell;Market;BTC-PERPETUAL
Deribit;1596724761;Sell;Market;BTC-PERPETUAL
Deribit;1596724810;Buy;Market;BTC-PERPETUAL
Deribit;1596724810;Buy;Market;BTC-PERPETUAL
Deribit;1596724811;Buy;Market;BTC-PERPETUAL
Deribit;1596724811;Buy;Market;BTC-PERPETUAL
Deribit;1596724812;Buy;Market;BTC-PERPETUAL
Deribit;1596724812;Buy;Market;BTC-PERPETUAL
Deribit;1596724813;Buy;Market;BTC-PERPETUAL
Deribit;1596724813;Buy;Market;BTC-PERPETUAL
Deribit;1596724815;Buy;Market;BTC-PERPETUAL
Deribit;1596724815;Buy;Market;BTC-PERPETUAL
Deribit;1596724816;Buy;Market;BTC-PERPETUAL
Deribit;1596724816;Buy;Market;BTC-PERPETUAL
Deribit;1596724817;Buy;Market;BTC-PERPETUAL
Deribit;1596724817;Buy;Market;BTC-PERPETUAL
Deribit;1596724822;Buy;Market;BTC-PERPETUAL
Deribit;1596724822;Buy;Market;BTC-PERPETUAL
Deribit;1596724824;Buy;Market;BTC-PERPETUAL
Deribit;1596724824;Buy;Market;BTC-PERPETUAL
Deribit;1596724825;Buy;Market;BTC-PERPETUAL
Deribit;1596724825;Buy;Market;BTC-PERPETUAL
Deribit;1596724827;Buy;Market;BTC-PERPETUAL
Deribit;1596724827;Buy;Market;BTC-PERPETUAL
Deribit;1596724830;Buy;Market;BTC-PERPETUAL
Deribit;1596724830;Buy;Market;BTC-PERPETUAL
Deribit;1596724831;Buy;Market;BTC-PERPETUAL
Deribit;1596724831;Buy;Market;BTC-PERPETUAL
Deribit;1596724832;Buy;Market;BTC-PERPETUAL
Deribit;1596724832;Buy;Market;BTC-PERPETUAL
Deribit;1596724833;Buy;Market;BTC-PERPETUAL
Deribit;1596724833;Buy;Market;BTC-PERPETUAL
Deribit;1596724834;Buy;Market;BTC-PERPETUAL
Deribit;1596724834;Buy;Market;BTC-PERPETUAL
Deribit;1596724835;Buy;Market;BTC-PERPETUAL
Deribit;1596724835;Buy;Market;BTC-PERPETUAL
Deribit;1596724836;Buy;Market;BTC-PERPETUAL
Deribit;1596724836;Buy;Market;BTC-PERPETUAL
Deribit;1596724837;Buy;Market;BTC-PERPETUAL
Deribit;1596724837;Buy;Market;BTC-PERPETUAL
Deribit;1596724838;Buy;Market;BTC-PERPETUAL
Deribit;1596724838;Buy;Market;BTC-PERPETUAL
Deribit;1596724840;Buy;Market;BTC-PERPETUAL
Deribit;1596724840;Buy;Market;BTC-PERPETUAL
Deribit;1596724841;Buy;Market;BTC-PERPETUAL
Deribit;1596724841;Buy;Market;BTC-PERPETUAL
Deribit;1596724842;Buy;Market;BTC-PERPETUAL
Deribit;1596724842;Buy;Market;BTC-PERPETUAL
Deribit;1596724843;Buy;Market;BTC-PERPETUAL
Deribit;1596724843;Buy;Market;BTC-PERPETUAL
Deribit;1596724845;Buy;Market;BTC-PERPETUAL
Deribit;1596724845;Buy;Market;BTC-PERPETUAL
Deribit;1596724847;Buy;Market;BTC-PERPETUAL
Deribit;1596724847;Buy;Market;BTC-PERPETUAL
Deribit;1596724849;Buy;Market;BTC-PERPETUAL
Deribit;1596724849;Buy;Market;BTC-PERPETUAL
Deribit;1596724850;Buy;Market;BTC-PERPETUAL
Deribit;1596724850;Buy;Market;BTC-PERPETUAL
Deribit;1596724852;Buy;Market;BTC-PERPETUAL
Deribit;1596724852;Buy;Market;BTC-PERPETUAL
Deribit;1596724853;Buy;Market;BTC-PERPETUAL
Deribit;1596724854;Buy;Market;BTC-PERPETUAL
Deribit;1596724855;Buy;Market;BTC-PERPETUAL
Deribit;1596724857;Buy;Market;BTC-PERPETUAL
Deribit;1596724857;Buy;Market;BTC-PERPETUAL
Deribit;1596724860;Buy;Market;BTC-PERPETUAL
Deribit;1596724860;Buy;Market;BTC-PERPETUAL
Deribit;1596724861;Buy;Market;BTC-PERPETUAL
Deribit;1596724863;Buy;Market;BTC-PERPETUAL
Deribit;1596724864;Buy;Market;BTC-PERPETUAL
Deribit;1596724865;Buy;Market;BTC-PERPETUAL
Deribit;1596724867;Buy;Market;BTC-PERPETUAL
Deribit;1596724868;Buy;Market;BTC-PERPETUAL
Deribit;1596724868;Buy;Market;BTC-PERPETUAL
Deribit;1596724868;Buy;Market;BTC-PERPETUAL
Deribit;1596724870;Buy;Market;BTC-PERPETUAL
Deribit;1596724871;Buy;Market;BTC-PERPETUAL
Deribit;1596724872;Buy;Market;BTC-PERPETUAL
Deribit;1596724873;Buy;Market;BTC-PERPETUAL
Deribit;1596724884;Sell;Market;BTC-PERPETUAL
Deribit;1596724884;Sell;Market;BTC-PERPETUAL
Deribit;1596724886;Buy;Market;BTC-PERPETUAL
Deribit;1596724886;Buy;Market;BTC-PERPETUAL
Deribit;1596724888;Sell;Market;BTC-PERPETUAL
Deribit;1596724889;Sell;Market;BTC-PERPETUAL
Deribit;1596724974;Sell;Market;BTC-PERPETUAL
Deribit;1596724975;Sell;Market;BTC-PERPETUAL
Deribit;1596724976;Sell;Market;BTC-PERPETUAL
Deribit;1596725000;Sell;Market;BTC-PERPETUAL
Deribit;1596725000;Sell;Market;BTC-PERPETUAL
Deribit;1596725001;Sell;Market;BTC-PERPETUAL
Deribit;1596725002;Sell;Market;BTC-PERPETUAL
Deribit;1596725003;Sell;Market;BTC-PERPETUAL
Deribit;1596725004;Sell;Market;BTC-PERPETUAL
Deribit;1596725006;Sell;Market;BTC-PERPETUAL
Deribit;1596725006;Sell;Market;BTC-PERPETUAL
Deribit;1596725007;Sell;Market;BTC-PERPETUAL
Deribit;1596725008;Sell;Market;BTC-PERPETUAL
Deribit;1596725010;Sell;Market;BTC-PERPETUAL
Deribit;1596725010;Sell;Market;BTC-PERPETUAL
Deribit;1596725012;Sell;Market;BTC-PERPETUAL
Deribit;1596725013;Sell;Market;BTC-PERPETUAL
Deribit;1596725014;Sell;Market;BTC-PERPETUAL
Deribit;1596725016;Sell;Market;BTC-PERPETUAL
Deribit;1596725017;Sell;Market;BTC-PERPETUAL
Deribit;1596725018;Sell;Market;BTC-PERPETUAL
Deribit;1596725019;Sell;Market;BTC-PERPETUAL
Deribit;1596725020;Sell;Market;BTC-PERPETUAL
Deribit;1596725021;Sell;Market;BTC-PERPETUAL
Deribit;1596725022;Sell;Market;BTC-PERPETUAL
Deribit;1596725023;Sell;Market;BTC-PERPETUAL
Deribit;1596725025;Sell;Market;BTC-PERPETUAL
Deribit;1596725026;Sell;Market;BTC-PERPETUAL
Deribit;1596725037;Sell;Market;BTC-PERPETUAL
Deribit;1596725038;Sell;Market;BTC-PERPETUAL
Deribit;1596725039;Sell;Market;BTC-PERPETUAL
Deribit;1596725043;Sell;Market;BTC-PERPETUAL
Deribit;1596725045;Sell;Market;BTC-PERPETUAL
Deribit;1596725046;Sell;Market;BTC-PERPETUAL
Deribit;1596725047;Sell;Market;BTC-PERPETUAL
Deribit;1596725048;Sell;Market;BTC-PERPETUAL
Deribit;1596725050;Sell;Market;BTC-PERPETUAL
Deribit;1596725052;Sell;Market;BTC-PERPETUAL
Deribit;1596725054;Sell;Market;BTC-PERPETUAL
Deribit;1596725056;Sell;Market;BTC-PERPETUAL
Deribit;1596725057;Sell;Market;BTC-PERPETUAL
Deribit;1596725061;Sell;Market;BTC-PERPETUAL
Deribit;1596725064;Sell;Market;BTC-PERPETUAL
Deribit;1596725069;Sell;Market;BTC-PERPETUAL
Deribit;1596725070;Sell;Market;BTC-PERPETUAL
Deribit;1596725073;Sell;Market;BTC-PERPETUAL
Deribit;1596725074;Sell;Market;BTC-PERPETUAL
Deribit;1596725080;Sell;Market;BTC-PERPETUAL
Deribit;1596725082;Sell;Market;BTC-PERPETUAL
Deribit;1596725083;Sell;Market;BTC-PERPETUAL
Deribit;1596725086;Sell;Market;BTC-PERPETUAL
Deribit;1596725087;Sell;Market;BTC-PERPETUAL
Deribit;1596725090;Sell;Market;BTC-PERPETUAL
Deribit;1596725091;Sell;Market;BTC-PERPETUAL
Deribit;1596725092;Sell;Market;BTC-PERPETUAL
Deribit;1596725094;Sell;Market;BTC-PERPETUAL
Deribit;1596725096;Sell;Market;BTC-PERPETUAL
Deribit;1596725097;Sell;Market;BTC-PERPETUAL
Deribit;1596725098;Sell;Market;BTC-PERPETUAL
Deribit;1596725101;Sell;Market;BTC-PERPETUAL
Deribit;1596725102;Sell;Market;BTC-PERPETUAL
Deribit;1596725104;Sell;Market;BTC-PERPETUAL
Deribit;1596725109;Sell;Market;BTC-PERPETUAL
Deribit;1596725114;Sell;Market;BTC-PERPETUAL
Deribit;1596725115;Sell;Market;BTC-PERPETUAL
Deribit;1596725116;Sell;Market;BTC-PERPETUAL
Deribit;1596725117;Sell;Market;BTC-PERPETUAL
Deribit;1596725118;Sell;Market;BTC-PERPETUAL
Deribit;1596725120;Sell;Market;BTC-PERPETUAL
Deribit;1596725122;Sell;Market;BTC-PERPETUAL
Deribit;1596725123;Sell;Market;BTC-PERPETUAL
Deribit;1596725125;Sell;Market;BTC-PERPETUAL
Deribit;1596725125;Sell;Market;BTC-PERPETUAL
Deribit;1596725126;Sell;Market;BTC-PERPETUAL
Deribit;1596725128;Sell;Market;BTC-PERPETUAL
Deribit;1596725130;Sell;Market;BTC-PERPETUAL
Deribit;1596725130;Sell;Market;BTC-PERPETUAL
Deribit;1596725131;Sell;Market;BTC-PERPETUAL
Deribit;1596725132;Sell;Market;BTC-PERPETUAL
Deribit;1596725133;Sell;Market;BTC-PERPETUAL
Deribit;1596725135;Sell;Market;BTC-PERPETUAL
Deribit;1596725137;Sell;Market;BTC-PERPETUAL
Deribit;1596725141;Sell;Market;BTC-PERPETUAL
Deribit;1596725142;Sell;Market;BTC-PERPETUAL
Deribit;1596725146;Sell;Market;BTC-PERPETUAL
Deribit;1596725148;Sell;Market;BTC-PERPETUAL
Deribit;1596725149;Sell;Market;BTC-PERPETUAL
Deribit;1596725150;Sell;Market;BTC-PERPETUAL
Deribit;1596725153;Sell;Market;BTC-PERPETUAL
Deribit;1596725153;Sell;Market;BTC-PERPETUAL
Deribit;1596725154;Sell;Market;BTC-PERPETUAL
Deribit;1596725156;Sell;Market;BTC-PERPETUAL
Deribit;1596725157;Sell;Market;BTC-PERPETUAL
Deribit;1596725158;Sell;Market;BTC-PERPETUAL
Deribit;1596725158;Sell;Market;BTC-PERPETUAL
Deribit;1596725160;Sell;Market;BTC-PERPETUAL
Deribit;1596725165;Sell;Market;BTC-PERPETUAL
Deribit;1596725166;Sell;Market;BTC-PERPETUAL
Deribit;1596725168;Sell;Market;BTC-PERPETUAL
Deribit;1596725169;Sell;Market;BTC-PERPETUAL
Deribit;1596725170;Sell;Market;BTC-PERPETUAL
Deribit;1596725171;Sell;Market;BTC-PERPETUAL
Deribit;1596725172;Sell;Market;BTC-PERPETUAL
Deribit;1596725173;Sell;Market;BTC-PERPETUAL
Deribit;1596725174;Sell;Market;BTC-PERPETUAL
Deribit;1596725178;Sell;Market;BTC-PERPETUAL
Deribit;1596725179;Sell;Market;BTC-PERPETUAL
Deribit;1596725180;Sell;Market;BTC-PERPETUAL
Deribit;1596725183;Sell;Market;BTC-PERPETUAL
Deribit;1596725184;Sell;Market;BTC-PERPETUAL
Deribit;1596725185;Sell;Market;BTC-PERPETUAL
Deribit;1596725187;Sell;Market;BTC-PERPETUAL
Deribit;1596725188;Sell;Market;BTC-PERPETUAL
Deribit;1596725190;Sell;Market;BTC-PERPETUAL
Deribit;1596725191;Sell;Market;BTC-PERPETUAL
Deribit;1596725192;Sell;Market;BTC-PERPETUAL
Deribit;1596725194;Sell;Market;BTC-PERPETUAL
Deribit;1596725196;Sell;Market;BTC-PERPETUAL
Deribit;1596725200;Sell;Market;BTC-PERPETUAL
Deribit;1596725201;Sell;Market;BTC-PERPETUAL
Deribit;1596725203;Sell;Market;BTC-PERPETUAL
Deribit;1596725204;Sell;Market;BTC-PERPETUAL
Deribit;1596725205;Sell;Market;BTC-PERPETUAL
Deribit;1596725206;Sell;Market;BTC-PERPETUAL
Deribit;1596725210;Sell;Market;BTC-PERPETUAL
Deribit;1596725211;Sell;Market;BTC-PERPETUAL
Deribit;1596725213;Sell;Market;BTC-PERPETUAL
Deribit;1596725214;Sell;Market;BTC-PERPETUAL
Deribit;1596725216;Sell;Market;BTC-PERPETUAL
Deribit;1596725218;Sell;Market;BTC-PERPETUAL
Deribit;1596725219;Sell;Market;BTC-PERPETUAL
Deribit;1596725221;Sell;Market;BTC-PERPETUAL
Deribit;1596725222;Sell;Market;BTC-PERPETUAL
Deribit;1596725224;Sell;Market;BTC-PERPETUAL
Deribit;1596725228;Sell;Market;BTC-PERPETUAL
Deribit;1596725231;Sell;Market;BTC-PERPETUAL
Deribit;1596725232;Sell;Market;BTC-PERPETUAL
Deribit;1596725235;Sell;Market;BTC-PERPETUAL
Deribit;1596725236;Sell;Market;BTC-PERPETUAL
Deribit;1596725238;Sell;Market;BTC-PERPETUAL
Deribit;1596725245;Sell;Market;BTC-PERPETUAL
Deribit;1596725247;Sell;Market;BTC-PERPETUAL
Deribit;1596725248;Sell;Market;BTC-PERPETUAL
Deribit;1596725249;Sell;Market;BTC-PERPETUAL
Deribit;1596725250;Sell;Market;BTC-PERPETUAL
Deribit;1596725251;Sell;Market;BTC-PERPETUAL
Deribit;1596725252;Sell;Market;BTC-PERPETUAL
Deribit;1596725254;Sell;Market;BTC-PERPETUAL
Deribit;1596725255;Sell;Market;BTC-PERPETUAL
Deribit;1596725257;Sell;Market;BTC-PERPETUAL
Deribit;1596725258;Sell;Market;BTC-PERPETUAL
Deribit;1596725259;Sell;Market;BTC-PERPETUAL
Deribit;1596725263;Sell;Market;BTC-PERPETUAL
Deribit;1596725265;Sell;Market;BTC-PERPETUAL
Deribit;1596725267;Sell;Market;BTC-PERPETUAL
Deribit;1596725268;Sell;Market;BTC-PERPETUAL
Deribit;1596725272;Sell;Market;BTC-PERPETUAL
Deribit;1596725273;Sell;Market;BTC-PERPETUAL
Deribit;1596725276;Sell;Market;BTC-PERPETUAL
Deribit;1596725277;Sell;Market;BTC-PERPETUAL
Deribit;1596725278;Sell;Market;BTC-PERPETUAL
Deribit;1596725279;Sell;Market;BTC-PERPETUAL
Deribit;1596725281;Sell;Market;BTC-PERPETUAL
Deribit;1596725282;Sell;Market;BTC-PERPETUAL
Deribit;1596725283;Sell;Market;BTC-PERPETUAL
Deribit;1596725284;Sell;Market;BTC-PERPETUAL
Deribit;1596725285;Sell;Market;BTC-PERPETUAL
Deribit;1596725286;Sell;Market;BTC-PERPETUAL
Deribit;1596725287;Sell;Market;BTC-PERPETUAL
Deribit;1596725288;Sell;Market;BTC-PERPETUAL
Deribit;1596725290;Sell;Market;BTC-PERPETUAL
Deribit;1596725290;Sell;Market;BTC-PERPETUAL
Deribit;1596725332;Sell;Market;BTC-PERPETUAL
Deribit;1596725333;Sell;Market;BTC-PERPETUAL
Deribit;1596725334;Sell;Market;BTC-PERPETUAL
Deribit;1596725335;Sell;Market;BTC-PERPETUAL
Deribit;1596725336;Sell;Market;BTC-PERPETUAL
Deribit;1596725337;Sell;Market;BTC-PERPETUAL
Deribit;1596725339;Sell;Market;BTC-PERPETUAL
Deribit;1596725340;Sell;Market;BTC-PERPETUAL
Deribit;1596725341;Sell;Market;BTC-PERPETUAL
Deribit;1596725342;Sell;Market;BTC-PERPETUAL
Deribit;1596725344;Sell;Market;BTC-PERPETUAL
Deribit;1596725345;Sell;Market;BTC-PERPETUAL
Deribit;1596725346;Sell;Market;BTC-PERPETUAL
Deribit;1596725348;Sell;Market;BTC-PERPETUAL
Deribit;1596725349;Sell;Market;BTC-PERPETUAL
Deribit;1596725350;Sell;Market;BTC-PERPETUAL
Deribit;1596725351;Sell;Market;BTC-PERPETUAL
Deribit;1596725354;Sell;Market;BTC-PERPETUAL
Deribit;1596725358;Sell;Market;BTC-PERPETUAL
Deribit;1596725361;Sell;Market;BTC-PERPETUAL
Deribit;1596725362;Sell;Market;BTC-PERPETUAL
Deribit;1596725363;Sell;Market;BTC-PERPETUAL
Deribit;1596725365;Sell;Market;BTC-PERPETUAL
Deribit;1596725368;Sell;Market;BTC-PERPETUAL
Deribit;1596725369;Sell;Market;BTC-PERPETUAL
Deribit;1596725370;Sell;Market;BTC-PERPETUAL
Deribit;1596725371;Sell;Market;BTC-PERPETUAL
Deribit;1596725372;Sell;Market;BTC-PERPETUAL
Deribit;1596725373;Sell;Market;BTC-PERPETUAL
Deribit;1596725378;Sell;Market;BTC-PERPETUAL
Deribit;1596725379;Sell;Market;BTC-PERPETUAL
Deribit;1596725380;Sell;Market;BTC-PERPETUAL
Deribit;1596725381;Sell;Market;BTC-PERPETUAL
Deribit;1596725382;Sell;Market;BTC-PERPETUAL
Deribit;1596725383;Sell;Market;BTC-PERPETUAL
Deribit;1596725384;Sell;Market;BTC-PERPETUAL
Deribit;1596725385;Sell;Market;BTC-PERPETUAL
Deribit;1596725386;Sell;Market;BTC-PERPETUAL
Deribit;1596725387;Sell;Market;BTC-PERPETUAL
Deribit;1596725388;Sell;Market;BTC-PERPETUAL
Deribit;1596725389;Sell;Market;BTC-PERPETUAL
Deribit;1596725391;Sell;Market;BTC-PERPETUAL
Deribit;1596725392;Sell;Market;BTC-PERPETUAL
Deribit;1596725393;Sell;Market;BTC-PERPETUAL
Deribit;1596725394;Sell;Market;BTC-PERPETUAL
Deribit;1596725397;Sell;Market;BTC-PERPETUAL
Deribit;1596725398;Sell;Market;BTC-PERPETUAL
Deribit;1596725399;Sell;Market;BTC-PERPETUAL
Deribit;1596725402;Sell;Market;BTC-PERPETUAL
Deribit;1596725403;Sell;Market;BTC-PERPETUAL
Deribit;1596725404;Sell;Market;BTC-PERPETUAL
Deribit;1596725405;Sell;Market;BTC-PERPETUAL
Deribit;1596725407;Sell;Market;BTC-PERPETUAL
Deribit;1596725408;Sell;Market;BTC-PERPETUAL
Deribit;1596725412;Sell;Market;BTC-PERPETUAL
Deribit;1596725416;Sell;Market;BTC-PERPETUAL
Deribit;1596725416;Sell;Market;BTC-PERPETUAL
Deribit;1596725417;Sell;Market;BTC-PERPETUAL
Deribit;1596725418;Sell;Market;BTC-PERPETUAL
Deribit;1596725419;Sell;Market;BTC-PERPETUAL
Deribit;1596725420;Sell;Market;BTC-PERPETUAL
Deribit;1596725421;Sell;Market;BTC-PERPETUAL
Deribit;1596725422;Sell;Market;BTC-PERPETUAL
Deribit;1596725423;Sell;Market;BTC-PERPETUAL
Deribit;1596725424;Sell;Market;BTC-PERPETUAL
Deribit;1596725425;Sell;Market;BTC-PERPETUAL
Deribit;1596725428;Sell;Market;BTC-PERPETUAL
Deribit;1596725429;Sell;Market;BTC-PERPETUAL
Deribit;1596725430;Sell;Market;BTC-PERPETUAL
Deribit;1596725433;Sell;Market;BTC-PERPETUAL
Deribit;1596725434;Sell;Market;BTC-PERPETUAL
Deribit;1596725435;Sell;Market;BTC-PERPETUAL
Deribit;1596725438;Sell;Market;BTC-PERPETUAL
Deribit;1596725439;Sell;Market;BTC-PERPETUAL
Deribit;1596725441;Sell;Market;BTC-PERPETUAL
Deribit;1596725441;Sell;Market;BTC-PERPETUAL
Deribit;1596725443;Sell;Market;BTC-PERPETUAL
Deribit;1596725444;Sell;Market;BTC-PERPETUAL
Deribit;1596725445;Sell;Market;BTC-PERPETUAL
Deribit;1596725446;Sell;Market;BTC-PERPETUAL
Deribit;1596725446;Sell;Market;BTC-PERPETUAL
Deribit;1596725448;Sell;Market;BTC-PERPETUAL
Deribit;1596725449;Sell;Market;BTC-PERPETUAL
Deribit;1596725450;Sell;Market;BTC-PERPETUAL
Deribit;1596725450;Sell;Market;BTC-PERPETUAL
Deribit;1596725452;Sell;Market;BTC-PERPETUAL
Deribit;1596725453;Sell;Market;BTC-PERPETUAL
Deribit;1596725454;Sell;Market;BTC-PERPETUAL
Deribit;1596725455;Sell;Market;BTC-PERPETUAL
Deribit;1596725456;Sell;Market;BTC-PERPETUAL
Deribit;1596725457;Sell;Market;BTC-PERPETUAL
Deribit;1596725458;Sell;Market;BTC-PERPETUAL
Deribit;1596725459;Sell;Market;BTC-PERPETUAL
Deribit;1596725460;Sell;Market;BTC-PERPETUAL
Deribit;1596725461;Sell;Market;BTC-PERPETUAL
Deribit;1596725462;Sell;Market;BTC-PERPETUAL
Deribit;1596725463;Sell;Market;BTC-PERPETUAL
Deribit;1596725464;Sell;Market;BTC-PERPETUAL
Deribit;1596725465;Sell;Market;BTC-PERPETUAL
Deribit;1596725466;Sell;Market;BTC-PERPETUAL
Deribit;1596725467;Sell;Market;BTC-PERPETUAL
Deribit;1596725468;Sell;Market;BTC-PERPETUAL
Deribit;1596725469;Sell;Market;BTC-PERPETUAL
Deribit;1596725470;Sell;Market;BTC-PERPETUAL
Deribit;1596725471;Sell;Market;BTC-PERPETUAL
Deribit;1596725472;Sell;Market;BTC-PERPETUAL
Deribit;1596725473;Sell;Market;BTC-PERPETUAL
Deribit;1596725474;Sell;Market;BTC-PERPETUAL
Deribit;1596725475;Sell;Market;BTC-PERPETUAL
Deribit;1596725477;Sell;Market;BTC-PERPETUAL
Deribit;1596725478;Sell;Market;BTC-PERPETUAL
Deribit;1596725479;Sell;Market;BTC-PERPETUAL
Deribit;1596725480;Sell;Market;BTC-PERPETUAL
Deribit;1596725481;Sell;Market;BTC-PERPETUAL
Deribit;1596725482;Sell;Market;BTC-PERPETUAL
Deribit;1596725483;Sell;Market;BTC-PERPETUAL
Deribit;1596725484;Sell;Market;BTC-PERPETUAL
Deribit;1596725485;Sell;Market;BTC-PERPETUAL
Deribit;1596725486;Sell;Market;BTC-PERPETUAL
Deribit;1596725487;Sell;Market;BTC-PERPETUAL
Deribit;1596725488;Sell;Market;BTC-PERPETUAL
Deribit;1596725489;Sell;Market;BTC-PERPETUAL
Deribit;1596725491;Sell;Market;BTC-PERPETUAL
Deribit;1596725491;Sell;Market;BTC-PERPETUAL
Deribit;1596725492;Sell;Market;BTC-PERPETUAL
Deribit;1596725493;Sell;Market;BTC-PERPETUAL
Deribit;1596725494;Sell;Market;BTC-PERPETUAL
Deribit;1596725495;Sell;Market;BTC-PERPETUAL
Deribit;1596725496;Sell;Market;BTC-PERPETUAL
Deribit;1596725497;Sell;Market;BTC-PERPETUAL
Deribit;1596725498;Sell;Market;BTC-PERPETUAL
Deribit;1596725499;Sell;Market;BTC-PERPETUAL
Deribit;1596725500;Sell;Market;BTC-PERPETUAL
Deribit;1596725501;Sell;Market;BTC-PERPETUAL
Deribit;1596725502;Sell;Market;BTC-PERPETUAL
Deribit;1596725503;Sell;Market;BTC-PERPETUAL
Deribit;1596725504;Sell;Market;BTC-PERPETUAL
Deribit;1596725506;Sell;Market;BTC-PERPETUAL
Deribit;1596725506;Sell;Market;BTC-PERPETUAL
Deribit;1596725507;Sell;Market;BTC-PERPETUAL
Deribit;1596725508;Sell;Market;BTC-PERPETUAL
Deribit;1596725509;Sell;Market;BTC-PERPETUAL
Deribit;1596725510;Sell;Market;BTC-PERPETUAL
Deribit;1596725511;Sell;Market;BTC-PERPETUAL
Deribit;1596725512;Sell;Market;BTC-PERPETUAL
Deribit;1596725513;Sell;Market;BTC-PERPETUAL
Deribit;1596725514;Sell;Market;BTC-PERPETUAL
Deribit;1596725515;Sell;Market;BTC-PERPETUAL
Deribit;1596725516;Sell;Market;BTC-PERPETUAL
Deribit;1596725517;Sell;Market;BTC-PERPETUAL
Deribit;1596725518;Sell;Market;BTC-PERPETUAL
Deribit;1596725581;Sell;Market;BTC-PERPETUAL
Deribit;1596725582;Sell;Market;BTC-PERPETUAL
Deribit;1596725583;Sell;Market;BTC-PERPETUAL
Deribit;1596725585;Sell;Market;BTC-PERPETUAL
Deribit;1596725586;Sell;Market;BTC-PERPETUAL
Deribit;1596725587;Sell;Market;BTC-PERPETUAL
Deribit;1596725588;Sell;Market;BTC-PERPETUAL
Deribit;1596725588;Sell;Market;BTC-PERPETUAL
Deribit;1596725590;Sell;Market;BTC-PERPETUAL
Deribit;1596725591;Sell;Market;BTC-PERPETUAL
Deribit;1596725592;Sell;Market;BTC-PERPETUAL
Deribit;1596725593;Sell;Market;BTC-PERPETUAL
Deribit;1596725594;Sell;Market;BTC-PERPETUAL
Deribit;1596725595;Sell;Market;BTC-PERPETUAL
Deribit;1596725596;Sell;Market;BTC-PERPETUAL
Deribit;1596725597;Sell;Market;BTC-PERPETUAL
Deribit;1596725598;Sell;Market;BTC-PERPETUAL
Deribit;1596725599;Sell;Market;BTC-PERPETUAL
Deribit;1596725600;Sell;Market;BTC-PERPETUAL
Deribit;1596725601;Sell;Market;BTC-PERPETUAL
Deribit;1596725602;Sell;Market;BTC-PERPETUAL
Deribit;1596725603;Sell;Market;BTC-PERPETUAL
Deribit;1596725604;Sell;Market;BTC-PERPETUAL
Deribit;1596725605;Sell;Market;BTC-PERPETUAL
Deribit;1596725606;Sell;Market;BTC-PERPETUAL
Deribit;1596725607;Sell;Market;BTC-PERPETUAL
Deribit;1596725608;Sell;Market;BTC-PERPETUAL
Deribit;1596725609;Sell;Market;BTC-PERPETUAL
Deribit;1596725610;Sell;Market;BTC-PERPETUAL
Deribit;1596725611;Sell;Market;BTC-PERPETUAL
Deribit;1596725612;Sell;Market;BTC-PERPETUAL
Deribit;1596725613;Sell;Market;BTC-PERPETUAL
Deribit;1596725614;Sell;Market;BTC-PERPETUAL
Deribit;1596725615;Sell;Market;BTC-PERPETUAL
Deribit;1596725616;Sell;Market;BTC-PERPETUAL
Deribit;1596725617;Sell;Market;BTC-PERPETUAL
Deribit;1596725618;Sell;Market;BTC-PERPETUAL
Deribit;1596725619;Sell;Market;BTC-PERPETUAL
Deribit;1596725620;Sell;Market;BTC-PERPETUAL
Deribit;1596725621;Sell;Market;BTC-PERPETUAL
Deribit;1596725622;Sell;Market;BTC-PERPETUAL
Deribit;1596725623;Sell;Market;BTC-PERPETUAL
Deribit;1596725624;Sell;Market;BTC-PERPETUAL
Deribit;1596725625;Sell;Market;BTC-PERPETUAL
Deribit;1596725626;Sell;Market;BTC-PERPETUAL
Deribit;1596725627;Sell;Market;BTC-PERPETUAL
Deribit;1596725628;Sell;Market;BTC-PERPETUAL
Deribit;1596725629;Sell;Market;BTC-PERPETUAL
Deribit;1596725630;Sell;Market;BTC-PERPETUAL
Deribit;1596725631;Sell;Market;BTC-PERPETUAL
Deribit;1596725632;Sell;Market;BTC-PERPETUAL
Deribit;1596725633;Sell;Market;BTC-PERPETUAL
Deribit;1596725634;Sell;Market;BTC-PERPETUAL
Deribit;1596725635;Sell;Market;BTC-PERPETUAL
Deribit;1596725636;Sell;Market;BTC-PERPETUAL
Deribit;1596725637;Sell;Market;BTC-PERPETUAL
Deribit;1596725638;Sell;Market;BTC-PERPETUAL
Deribit;1596725639;Sell;Market;BTC-PERPETUAL
Deribit;1596725640;Sell;Market;BTC-PERPETUAL
Deribit;1596725641;Sell;Market;BTC-PERPETUAL
Deribit;1596725642;Sell;Market;BTC-PERPETUAL
Deribit;1596725644;Sell;Market;BTC-PERPETUAL
Deribit;1596725645;Sell;Market;BTC-PERPETUAL
Deribit;1596725646;Sell;Market;BTC-PERPETUAL
Deribit;1596725647;Sell;Market;BTC-PERPETUAL
Deribit;1596725648;Sell;Market;BTC-PERPETUAL
Deribit;1596725649;Sell;Market;BTC-PERPETUAL
Deribit;1596725650;Sell;Market;BTC-PERPETUAL
Deribit;1596725651;Sell;Market;BTC-PERPETUAL
Deribit;1596725652;Sell;Market;BTC-PERPETUAL
Deribit;1596725653;Sell;Market;BTC-PERPETUAL
Deribit;1596725654;Sell;Market;BTC-PERPETUAL
Deribit;1596725655;Sell;Market;BTC-PERPETUAL
Deribit;1596725656;Sell;Market;BTC-PERPETUAL
Deribit;1596725657;Sell;Market;BTC-PERPETUAL
Deribit;1596725658;Sell;Market;BTC-PERPETUAL
Deribit;1596725659;Sell;Market;BTC-PERPETUAL
Deribit;1596725660;Sell;Market;BTC-PERPETUAL
Deribit;1596725661;Sell;Market;BTC-PERPETUAL
Deribit;1596725662;Sell;Market;BTC-PERPETUAL
Deribit;1596725663;Sell;Market;BTC-PERPETUAL
Deribit;1596725664;Sell;Market;BTC-PERPETUAL
Deribit;1596725665;Sell;Market;BTC-PERPETUAL
Deribit;1596725666;Sell;Market;BTC-PERPETUAL
Deribit;1596725667;Sell;Market;BTC-PERPETUAL
Deribit;1596725668;Sell;Market;BTC-PERPETUAL
Deribit;1596725669;Sell;Market;BTC-PERPETUAL
Deribit;1596725672;Sell;Market;BTC-PERPETUAL
Deribit;1596725673;Sell;Market;BTC-PERPETUAL
Deribit;1596725674;Sell;Market;BTC-PERPETUAL
Deribit;1596725675;Sell;Market;BTC-PERPETUAL
Deribit;1596725676;Sell;Market;BTC-PERPETUAL
Deribit;1596725677;Sell;Market;BTC-PERPETUAL
Deribit;1596725678;Sell;Market;BTC-PERPETUAL
Deribit;1596725679;Sell;Market;BTC-PERPETUAL
Deribit;1596725680;Sell;Market;BTC-PERPETUAL
Deribit;1596725681;Sell;Market;BTC-PERPETUAL
Deribit;1596725682;Sell;Market;BTC-PERPETUAL
Deribit;1596725684;Sell;Market;BTC-PERPETUAL
Deribit;1596725685;Sell;Market;BTC-PERPETUAL
Deribit;1596725686;Sell;Market;BTC-PERPETUAL
Deribit;1596725687;Sell;Market;BTC-PERPETUAL
Deribit;1596725688;Sell;Market;BTC-PERPETUAL
Deribit;1596725689;Sell;Market;BTC-PERPETUAL
Deribit;1596725690;Sell;Market;BTC-PERPETUAL
Deribit;1596725691;Sell;Market;BTC-PERPETUAL
Deribit;1596725692;Sell;Market;BTC-PERPETUAL
Deribit;1596725693;Sell;Market;BTC-PERPETUAL
Deribit;1596725694;Sell;Market;BTC-PERPETUAL
Deribit;1596725695;Sell;Market;BTC-PERPETUAL
Deribit;1596725696;Sell;Market;BTC-PERPETUAL
Deribit;1596725697;Sell;Market;BTC-PERPETUAL
Deribit;1596725698;Sell;Market;BTC-PERPETUAL
Deribit;1596725699;Sell;Market;BTC-PERPETUAL
Deribit;1596725700;Sell;Market;BTC-PERPETUAL
Deribit;1596725701;Sell;Market;BTC-PERPETUAL
Deribit;1596725702;Sell;Market;BTC-PERPETUAL
Deribit;1596725704;Sell;Market;BTC-PERPETUAL
Deribit;1596725705;Sell;Market;BTC-PERPETUAL
Deribit;1596725708;Sell;Market;BTC-PERPETUAL
Deribit;1596725709;Sell;Market;BTC-PERPETUAL
Deribit;1596725710;Sell;Market;BTC-PERPETUAL
Deribit;1596725713;Sell;Market;BTC-PERPETUAL
Deribit;1596725714;Sell;Market;BTC-PERPETUAL
Deribit;1596725715;Sell;Market;BTC-PERPETUAL
Deribit;1596725716;Sell;Market;BTC-PERPETUAL
Deribit;1596725717;Sell;Market;BTC-PERPETUAL
Deribit;1596725718;Sell;Market;BTC-PERPETUAL
Deribit;1596725719;Sell;Market;BTC-PERPETUAL
Deribit;1596725720;Sell;Market;BTC-PERPETUAL
Deribit;1596725722;Sell;Market;BTC-PERPETUAL
Deribit;1596725723;Sell;Market;BTC-PERPETUAL
Deribit;1596725724;Sell;Market;BTC-PERPETUAL
Deribit;1596725727;Sell;Market;BTC-PERPETUAL
Deribit;1596725728;Sell;Market;BTC-PERPETUAL
Deribit;1596725729;Sell;Market;BTC-PERPETUAL
Deribit;1596725730;Sell;Market;BTC-PERPETUAL
Deribit;1596725731;Sell;Market;BTC-PERPETUAL
Deribit;1596725734;Sell;Market;BTC-PERPETUAL
Deribit;1596725737;Sell;Market;BTC-PERPETUAL
Deribit;1596725738;Sell;Market;BTC-PERPETUAL
Deribit;1596725739;Sell;Market;BTC-PERPETUAL
Deribit;1596725741;Sell;Market;BTC-PERPETUAL
Deribit;1596725742;Sell;Market;BTC-PERPETUAL
Deribit;1596725743;Sell;Market;BTC-PERPETUAL
Deribit;1596725744;Sell;Market;BTC-PERPETUAL
Deribit;1596725745;Sell;Market;BTC-PERPETUAL
Deribit;1596725746;Sell;Market;BTC-PERPETUAL
Deribit;1596725747;Sell;Market;BTC-PERPETUAL
Deribit;1596725748;Sell;Market;BTC-PERPETUAL
Deribit;1596725749;Sell;Market;BTC-PERPETUAL
Deribit;1596725750;Sell;Market;BTC-PERPETUAL
Deribit;1596725752;Sell;Market;BTC-PERPETUAL
Deribit;1596725753;Sell;Market;BTC-PERPETUAL
Deribit;1596725754;Sell;Market;BTC-PERPETUAL
Deribit;1596725755;Sell;Market;BTC-PERPETUAL
Deribit;1596725756;Sell;Market;BTC-PERPETUAL
Deribit;1596725757;Sell;Market;BTC-PERPETUAL
Deribit;1596725758;Sell;Market;BTC-PERPETUAL
Deribit;1596725759;Sell;Market;BTC-PERPETUAL
Deribit;1596725760;Sell;Market;BTC-PERPETUAL
Deribit;1596725761;Sell;Market;BTC-PERPETUAL
Deribit;1596725762;Sell;Market;BTC-PERPETUAL
Deribit;1596725813;Sell;Market;BTC-PERPETUAL
Deribit;1596725814;Sell;Market;BTC-PERPETUAL
Deribit;1596725815;Sell;Market;BTC-PERPETUAL
Deribit;1596725816;Sell;Market;BTC-PERPETUAL
Deribit;1596725817;Sell;Market;BTC-PERPETUAL
Deribit;1596725818;Sell;Market;BTC-PERPETUAL
Deribit;1596725819;Sell;Market;BTC-PERPETUAL
Deribit;1596725821;Sell;Market;BTC-PERPETUAL
Deribit;1596725822;Sell;Market;BTC-PERPETUAL
Deribit;1596725823;Sell;Market;BTC-PERPETUAL
Deribit;1596725824;Sell;Market;BTC-PERPETUAL
Deribit;1596725825;Sell;Market;BTC-PERPETUAL
Deribit;1596725826;Sell;Market;BTC-PERPETUAL
Deribit;1596725827;Sell;Market;BTC-PERPETUAL
Deribit;1596725829;Sell;Market;BTC-PERPETUAL
Deribit;1596725830;Sell;Market;BTC-PERPETUAL
Deribit;1596725832;Sell;Market;BTC-PERPETUAL
Deribit;1596725833;Sell;Market;BTC-PERPETUAL
Deribit;1596725834;Sell;Market;BTC-PERPETUAL
Deribit;1596725835;Sell;Market;BTC-PERPETUAL
Deribit;1596725838;Sell;Market;BTC-PERPETUAL
Deribit;1596725839;Sell;Market;BTC-PERPETUAL
Deribit;1596725840;Sell;Market;BTC-PERPETUAL
Deribit;1596725842;Sell;Market;BTC-PERPETUAL
Deribit;1596725843;Sell;Market;BTC-PERPETUAL
Deribit;1596725844;Sell;Market;BTC-PERPETUAL
Deribit;1596725845;Sell;Market;BTC-PERPETUAL
Deribit;1596725847;Sell;Market;BTC-PERPETUAL
Deribit;1596725848;Sell;Market;BTC-PERPETUAL
Deribit;1596725849;Sell;Market;BTC-PERPETUAL
Deribit;1596725850;Sell;Market;BTC-PERPETUAL
Deribit;1596725852;Sell;Market;BTC-PERPETUAL
Deribit;1596725854;Sell;Market;BTC-PERPETUAL
Deribit;1596725855;Sell;Market;BTC-PERPETUAL
Deribit;1596725856;Sell;Market;BTC-PERPETUAL
Deribit;1596725857;Sell;Market;BTC-PERPETUAL
Deribit;1596725858;Sell;Market;BTC-PERPETUAL
Deribit;1596725860;Sell;Market;BTC-PERPETUAL
Deribit;1596725861;Sell;Market;BTC-PERPETUAL
Deribit;1596725867;Sell;Market;BTC-PERPETUAL
Deribit;1596725869;Sell;Market;BTC-PERPETUAL
Deribit;1596725871;Sell;Market;BTC-PERPETUAL
Deribit;1596725871;Sell;Market;BTC-PERPETUAL
Deribit;1596725873;Sell;Market;BTC-PERPETUAL
Deribit;1596725874;Sell;Market;BTC-PERPETUAL
Deribit;1596725877;Sell;Market;BTC-PERPETUAL
Deribit;1596725878;Sell;Market;BTC-PERPETUAL
Deribit;1596725880;Sell;Market;BTC-PERPETUAL
Deribit;1596725881;Sell;Market;BTC-PERPETUAL
Deribit;1596725887;Sell;Market;BTC-PERPETUAL
Deribit;1596725889;Sell;Market;BTC-PERPETUAL
Deribit;1596725890;Sell;Market;BTC-PERPETUAL
Deribit;1596725891;Sell;Market;BTC-PERPETUAL
Deribit;1596725892;Sell;Market;BTC-PERPETUAL
Deribit;1596725893;Sell;Market;BTC-PERPETUAL
Deribit;1596725895;Sell;Market;BTC-PERPETUAL
Deribit;1596725896;Sell;Market;BTC-PERPETUAL
Deribit;1596725897;Sell;Market;BTC-PERPETUAL
Deribit;1596725898;Sell;Market;BTC-PERPETUAL
Deribit;1596725899;Sell;Market;BTC-PERPETUAL
Deribit;1596725900;Sell;Market;BTC-PERPETUAL
Deribit;1596725901;Sell;Market;BTC-PERPETUAL
Deribit;1596725902;Sell;Market;BTC-PERPETUAL
Deribit;1596725903;Sell;Market;BTC-PERPETUAL
Deribit;1596725904;Sell;Market;BTC-PERPETUAL
Deribit;1596730585;Buy;Market;BTC-PERPETUAL
Deribit;1596730585;Buy;Market;BTC-PERPETUAL
Deribit;1596730586;Buy;Market;BTC-PERPETUAL
Deribit;1596730586;Buy;Market;BTC-PERPETUAL
Deribit;1596730587;Buy;Market;BTC-PERPETUAL
Deribit;1596730587;Buy;Market;BTC-PERPETUAL
Deribit;1596730588;Buy;Market;BTC-PERPETUAL
Deribit;1596730588;Buy;Market;BTC-PERPETUAL
Deribit;1596730588;Buy;Market;BTC-PERPETUAL
Deribit;1596730588;Buy;Market;BTC-PERPETUAL
Deribit;1596730590;Buy;Market;BTC-PERPETUAL
Deribit;1596730590;Buy;Market;BTC-PERPETUAL
Deribit;1596730591;Buy;Market;BTC-PERPETUAL
Deribit;1596730591;Buy;Market;BTC-PERPETUAL
Deribit;1596730592;Buy;Market;BTC-PERPETUAL
Deribit;1596730592;Buy;Market;BTC-PERPETUAL
Deribit;1596730593;Buy;Market;BTC-PERPETUAL
Deribit;1596730593;Buy;Market;BTC-PERPETUAL
Deribit;1596730595;Buy;Market;BTC-PERPETUAL
Deribit;1596730595;Buy;Market;BTC-PERPETUAL
Deribit;1596730597;Buy;Market;BTC-PERPETUAL
Deribit;1596730597;Buy;Market;BTC-PERPETUAL
Deribit;1596730598;Buy;Market;BTC-PERPETUAL
Deribit;1596730598;Buy;Market;BTC-PERPETUAL
Deribit;1596730600;Buy;Market;BTC-PERPETUAL
Deribit;1596730600;Buy;Market;BTC-PERPETUAL
Deribit;1596730602;Buy;Market;BTC-PERPETUAL
Deribit;1596730602;Buy;Market;BTC-PERPETUAL
Deribit;1596730605;Buy;Market;BTC-PERPETUAL
Deribit;1596730605;Buy;Market;BTC-PERPETUAL
Deribit;1596730605;Buy;Market;BTC-PERPETUAL
Deribit;1596730605;Buy;Market;BTC-PERPETUAL
Deribit;1596730605;Buy;Market;BTC-PERPETUAL
Deribit;1596730605;Buy;Market;BTC-PERPETUAL
Deribit;1596730606;Buy;Market;BTC-PERPETUAL
Deribit;1596730606;Buy;Market;BTC-PERPETUAL
Deribit;1596730607;Buy;Market;BTC-PERPETUAL
Deribit;1596730607;Buy;Market;BTC-PERPETUAL
Deribit;1596730610;Buy;Market;BTC-PERPETUAL
Deribit;1596730610;Buy;Market;BTC-PERPETUAL
Deribit;1596730612;Buy;Market;BTC-PERPETUAL
Deribit;1596730613;Buy;Market;BTC-PERPETUAL
Deribit;1596730613;Buy;Market;BTC-PERPETUAL
Deribit;1596730613;Buy;Market;BTC-PERPETUAL
Deribit;1596730616;Buy;Market;BTC-PERPETUAL
Deribit;1596730616;Buy;Market;BTC-PERPETUAL
Deribit;1596730616;Buy;Market;BTC-PERPETUAL
Deribit;1596730616;Buy;Market;BTC-PERPETUAL
Deribit;1596730617;Buy;Market;BTC-PERPETUAL
Deribit;1596730617;Buy;Market;BTC-PERPETUAL
Deribit;1596731365;Sell;Market;BTC-PERPETUAL
Deribit;1596731621;Buy;Market;BTC-PERPETUAL
Deribit;1596731621;Buy;Market;BTC-PERPETUAL
Deribit;1596731622;Buy;Market;BTC-PERPETUAL
Deribit;1596731622;Buy;Market;BTC-PERPETUAL
Deribit;1596731625;Buy;Market;BTC-PERPETUAL
Deribit;1596731625;Buy;Market;BTC-PERPETUAL
Deribit;1596731626;Buy;Market;BTC-PERPETUAL
Deribit;1596731626;Buy;Market;BTC-PERPETUAL
Deribit;1596731627;Buy;Market;BTC-PERPETUAL
Deribit;1596731627;Buy;Market;BTC-PERPETUAL
Deribit;1596731628;Buy;Market;BTC-PERPETUAL
Deribit;1596731628;Buy;Market;BTC-PERPETUAL
Deribit;1596731630;Buy;Market;BTC-PERPETUAL
Deribit;1596731630;Buy;Market;BTC-PERPETUAL
Deribit;1596731631;Buy;Market;BTC-PERPETUAL
Deribit;1596731631;Buy;Market;BTC-PERPETUAL
Deribit;1596731632;Buy;Market;BTC-PERPETUAL
Deribit;1596731632;Buy;Market;BTC-PERPETUAL
Deribit;1596731633;Buy;Market;BTC-PERPETUAL
Deribit;1596731633;Buy;Market;BTC-PERPETUAL
Deribit;1596731671;Buy;Market;BTC-PERPETUAL
Deribit;1596731671;Buy;Market;BTC-PERPETUAL
Deribit;1596731673;Buy;Market;BTC-PERPETUAL
Deribit;1596731673;Buy;Market;BTC-PERPETUAL
Deribit;1596731674;Buy;Market;BTC-PERPETUAL
Deribit;1596731674;Buy;Market;BTC-PERPETUAL
Deribit;1596731675;Buy;Market;BTC-PERPETUAL
Deribit;1596731675;Buy;Market;BTC-PERPETUAL
Deribit;1596731677;Buy;Market;BTC-PERPETUAL
Deribit;1596731677;Buy;Market;BTC-PERPETUAL
Deribit;1596731678;Buy;Market;BTC-PERPETUAL
Deribit;1596731678;Buy;Market;BTC-PERPETUAL
Deribit;1596731680;Buy;Market;BTC-PERPETUAL
Deribit;1596731680;Buy;Market;BTC-PERPETUAL
Deribit;1596731681;Buy;Market;BTC-PERPETUAL
Deribit;1596731681;Buy;Market;BTC-PERPETUAL
Deribit;1596731682;Buy;Market;BTC-PERPETUAL
Deribit;1596731682;Buy;Market;BTC-PERPETUAL
Deribit;1596731683;Buy;Market;BTC-PERPETUAL
Deribit;1596731683;Buy;Market;BTC-PERPETUAL
Deribit;1596731684;Buy;Market;BTC-PERPETUAL
Deribit;1596731684;Buy;Market;BTC-PERPETUAL
Deribit;1596731686;Buy;Market;BTC-PERPETUAL
Deribit;1596731686;Buy;Market;BTC-PERPETUAL
Deribit;1596731687;Buy;Market;BTC-PERPETUAL
Deribit;1596731687;Buy;Market;BTC-PERPETUAL
Deribit;1596731689;Buy;Market;BTC-PERPETUAL
Deribit;1596731689;Buy;Market;BTC-PERPETUAL
Deribit;1596731690;Buy;Market;BTC-PERPETUAL
Deribit;1596731690;Buy;Market;BTC-PERPETUAL
Deribit;1596731691;Buy;Market;BTC-PERPETUAL
Deribit;1596731691;Buy;Market;BTC-PERPETUAL
Deribit;1596731693;Buy;Market;BTC-PERPETUAL
Deribit;1596731693;Buy;Market;BTC-PERPETUAL
Deribit;1596731695;Buy;Market;BTC-PERPETUAL
Deribit;1596731695;Buy;Market;BTC-PERPETUAL
Deribit;1596731696;Buy;Market;BTC-PERPETUAL
Deribit;1596731696;Buy;Market;BTC-PERPETUAL
Deribit;1596731697;Buy;Market;BTC-PERPETUAL
Deribit;1596731697;Buy;Market;BTC-PERPETUAL
Deribit;1596731700;Buy;Market;BTC-PERPETUAL
Deribit;1596731700;Buy;Market;BTC-PERPETUAL
Deribit;1596731702;Buy;Market;BTC-PERPETUAL
Deribit;1596731715;Sell;Market;BTC-PERPETUAL
Deribit;1596731715;Sell;Market;BTC-PERPETUAL
Deribit;1596731752;Buy;Market;BTC-PERPETUAL
Deribit;1596731752;Buy;Market;BTC-PERPETUAL
Deribit;1596731752;Buy;Market;BTC-PERPETUAL
Deribit;1596731752;Buy;Market;BTC-PERPETUAL
Deribit;1596731754;Buy;Market;BTC-PERPETUAL
Deribit;1596731755;Buy;Market;BTC-PERPETUAL
Deribit;1596731755;Buy;Market;BTC-PERPETUAL
Deribit;1596731757;Buy;Market;BTC-PERPETUAL
Deribit;1596731758;Sell;Market;BTC-PERPETUAL
Deribit;1596731758;Sell;Market;BTC-PERPETUAL
Deribit;1596731759;Sell;Market;BTC-PERPETUAL
Deribit;1596731759;Sell;Market;BTC-PERPETUAL
Deribit;1596731759;Sell;Market;BTC-PERPETUAL
Deribit;1596731761;Sell;Market;BTC-PERPETUAL
Deribit;1596731762;Sell;Market;BTC-PERPETUAL
Deribit;1596731775;Sell;Market;BTC-PERPETUAL
Deribit;1596731787;Sell;Market;BTC-PERPETUAL
Deribit;1596731788;Sell;Market;BTC-PERPETUAL
Deribit;1596731789;Sell;Market;BTC-PERPETUAL
Deribit;1596731790;Sell;Market;BTC-PERPETUAL
Deribit;1596731791;Sell;Market;BTC-PERPETUAL
Deribit;1596731792;Sell;Market;BTC-PERPETUAL
Deribit;1596731793;Sell;Market;BTC-PERPETUAL
Deribit;1596731794;Sell;Market;BTC-PERPETUAL
Deribit;1596731795;Sell;Market;BTC-PERPETUAL
Deribit;1596731796;Sell;Market;BTC-PERPETUAL
Deribit;1596731797;Sell;Market;BTC-PERPETUAL
Deribit;1596731798;Sell;Market;BTC-PERPETUAL
Deribit;1596731799;Sell;Market;BTC-PERPETUAL
Deribit;1596731800;Sell;Market;BTC-PERPETUAL
Deribit;1596731801;Sell;Market;BTC-PERPETUAL
Deribit;1596731836;Buy;Market;BTC-PERPETUAL
Deribit;1596731836;Buy;Market;BTC-PERPETUAL
Deribit;1596731838;Buy;Market;BTC-PERPETUAL
Deribit;1596731838;Buy;Market;BTC-PERPETUAL
Deribit;1596731839;Buy;Market;BTC-PERPETUAL
Deribit;1596731839;Buy;Market;BTC-PERPETUAL
Deribit;1596731840;Buy;Market;BTC-PERPETUAL
Deribit;1596731840;Buy;Market;BTC-PERPETUAL
Deribit;1596731841;Buy;Market;BTC-PERPETUAL
Deribit;1596731841;Buy;Market;BTC-PERPETUAL
Deribit;1596731842;Buy;Market;BTC-PERPETUAL
Deribit;1596731842;Buy;Market;BTC-PERPETUAL
Deribit;1596731843;Buy;Market;BTC-PERPETUAL
Deribit;1596731843;Buy;Market;BTC-PERPETUAL
Deribit;1596731846;Buy;Market;BTC-PERPETUAL
Deribit;1596731846;Buy;Market;BTC-PERPETUAL
Deribit;1596731847;Buy;Market;BTC-PERPETUAL
Deribit;1596731847;Buy;Market;BTC-PERPETUAL
Deribit;1596731848;Buy;Market;BTC-PERPETUAL
Deribit;1596731848;Buy;Market;BTC-PERPETUAL
Deribit;1596731849;Buy;Market;BTC-PERPETUAL
Deribit;1596731866;Sell;Market;BTC-PERPETUAL
Deribit;1596731866;Sell;Market;BTC-PERPETUAL
Deribit;1596731867;Buy;Market;BTC-PERPETUAL
Deribit;1596731867;Buy;Market;BTC-PERPETUAL
Deribit;1596731868;Buy;Market;BTC-PERPETUAL
Deribit;1596731869;Sell;Market;BTC-PERPETUAL
Deribit;1596731879;Buy;Market;BTC-PERPETUAL
Deribit;1596731880;Buy;Market;BTC-PERPETUAL
Deribit;1596731881;Sell;Market;BTC-PERPETUAL
Deribit;1596731881;Sell;Market;BTC-PERPETUAL
Deribit;1596731882;Buy;Market;BTC-PERPETUAL
Deribit;1596731884;Buy;Market;BTC-PERPETUAL
Deribit;1596731884;Buy;Market;BTC-PERPETUAL
Deribit;1596731885;Buy;Market;BTC-PERPETUAL
Deribit;1596731889;Buy;Market;BTC-PERPETUAL
Deribit;1596731890;Buy;Market;BTC-PERPETUAL
Deribit;1596731891;Buy;Market;BTC-PERPETUAL
Deribit;1596731892;Buy;Market;BTC-PERPETUAL
Deribit;1596731894;Buy;Market;BTC-PERPETUAL
Deribit;1596731894;Buy;Market;BTC-PERPETUAL
Deribit;1596731896;Buy;Market;BTC-PERPETUAL
Deribit;1596731897;Buy;Market;BTC-PERPETUAL
Deribit;1596731897;Sell;Market;BTC-PERPETUAL
Deribit;1596731899;Sell;Market;BTC-PERPETUAL
Deribit;1596731899;Sell;Market;BTC-PERPETUAL
Deribit;1596731901;Sell;Market;BTC-PERPETUAL
Deribit;1596731902;Sell;Market;BTC-PERPETUAL
Deribit;1596731903;Sell;Market;BTC-PERPETUAL
Deribit;1596731904;Sell;Market;BTC-PERPETUAL
Deribit;1596731906;Sell;Market;BTC-PERPETUAL
Deribit;1596731906;Sell;Market;BTC-PERPETUAL
Deribit;1596731907;Sell;Market;BTC-PERPETUAL
Deribit;1596731907;Sell;Market;BTC-PERPETUAL
Deribit;1596731944;Sell;Market;BTC-PERPETUAL
Deribit;1596731945;Sell;Market;BTC-PERPETUAL
Deribit;1596731946;Sell;Market;BTC-PERPETUAL
Deribit;1596731947;Sell;Market;BTC-PERPETUAL
Deribit;1596731948;Sell;Market;BTC-PERPETUAL
Deribit;1596731949;Sell;Market;BTC-PERPETUAL
Deribit;1596731950;Sell;Market;BTC-PERPETUAL
Deribit;1596731952;Sell;Market;BTC-PERPETUAL
Deribit;1596731953;Sell;Market;BTC-PERPETUAL
Deribit;1596731954;Sell;Market;BTC-PERPETUAL
Deribit;1596731955;Sell;Market;BTC-PERPETUAL
Deribit;1596731956;Sell;Market;BTC-PERPETUAL
Deribit;1596731957;Sell;Market;BTC-PERPETUAL
Deribit;1596731958;Sell;Market;BTC-PERPETUAL
Deribit;1596731959;Sell;Market;BTC-PERPETUAL
Deribit;1596731961;Sell;Market;BTC-PERPETUAL
Deribit;1596731962;Sell;Market;BTC-PERPETUAL
Deribit;1596731963;Sell;Market;BTC-PERPETUAL
Deribit;1596731964;Sell;Market;BTC-PERPETUAL
Deribit;1596731965;Sell;Market;BTC-PERPETUAL
Deribit;1596731966;Sell;Market;BTC-PERPETUAL
Deribit;1596731967;Sell;Market;BTC-PERPETUAL
Deribit;1596731968;Sell;Market;BTC-PERPETUAL
Deribit;1596731970;Sell;Market;BTC-PERPETUAL
Deribit;1596731971;Sell;Market;BTC-PERPETUAL
Deribit;1596731972;Sell;Market;BTC-PERPETUAL
Deribit;1596732009;Buy;Market;BTC-PERPETUAL
Deribit;1596732009;Buy;Market;BTC-PERPETUAL
Deribit;1596732010;Buy;Market;BTC-PERPETUAL
Deribit;1596732010;Buy;Market;BTC-PERPETUAL
Deribit;1596732012;Buy;Market;BTC-PERPETUAL
Deribit;1596732012;Buy;Market;BTC-PERPETUAL
Deribit;1596732013;Buy;Market;BTC-PERPETUAL
Deribit;1596732013;Buy;Market;BTC-PERPETUAL
Deribit;1596732014;Buy;Market;BTC-PERPETUAL
Deribit;1596732014;Buy;Market;BTC-PERPETUAL
Deribit;1596732015;Buy;Market;BTC-PERPETUAL
Deribit;1596732015;Buy;Market;BTC-PERPETUAL
Deribit;1596732017;Buy;Market;BTC-PERPETUAL
Deribit;1596732024;Sell;Market;BTC-PERPETUAL
Deribit;1596732024;Sell;Market;BTC-PERPETUAL
Deribit;1596732070;Buy;Market;BTC-PERPETUAL
Deribit;1596732070;Buy;Market;BTC-PERPETUAL
Deribit;1596732071;Buy;Market;BTC-PERPETUAL
Deribit;1596732071;Buy;Market;BTC-PERPETUAL
Deribit;1596732072;Buy;Market;BTC-PERPETUAL
Deribit;1596732168;Sell;Market;BTC-PERPETUAL
Deribit;1596732168;Sell;Market;BTC-PERPETUAL
Deribit;1596732170;Buy;Market;BTC-PERPETUAL
Deribit;1596732170;Buy;Market;BTC-PERPETUAL
Deribit;1596732171;Buy;Market;BTC-PERPETUAL
Deribit;1596732172;Buy;Market;BTC-PERPETUAL
Deribit;1596732173;Buy;Market;BTC-PERPETUAL
Deribit;1596732174;Buy;Market;BTC-PERPETUAL
Deribit;1596732216;Buy;Market;BTC-PERPETUAL
Deribit;1596732552;Sell;Market;BTC-PERPETUAL
Deribit;1596732553;Buy;Market;BTC-PERPETUAL
Deribit;1596732771;Sell;Market;BTC-PERPETUAL
Deribit;1596732771;Sell;Market;BTC-PERPETUAL
Deribit;1596732772;Sell;Market;BTC-PERPETUAL
Deribit;1596732772;Sell;Market;BTC-PERPETUAL
Deribit;1596732795;Buy;Market;BTC-PERPETUAL
Deribit;1596732795;Buy;Market;BTC-PERPETUAL
Deribit;1596732796;Buy;Market;BTC-PERPETUAL
Deribit;1596732796;Buy;Market;BTC-PERPETUAL
Deribit;1596732813;Buy;Market;BTC-PERPETUAL
Deribit;1596732813;Buy;Market;BTC-PERPETUAL
Deribit;1596732814;Buy;Market;BTC-PERPETUAL
Deribit;1596732814;Buy;Market;BTC-PERPETUAL
Deribit;1596732815;Sell;Market;BTC-PERPETUAL
Deribit;1596732816;Sell;Market;BTC-PERPETUAL
Deribit;1596732816;Sell;Market;BTC-PERPETUAL
Deribit;1596732821;Buy;Market;BTC-PERPETUAL
Deribit;1596732821;Buy;Market;BTC-PERPETUAL
Deribit;1596732822;Buy;Market;BTC-PERPETUAL
Deribit;1596732822;Buy;Market;BTC-PERPETUAL
Deribit;1596732824;Buy;Market;BTC-PERPETUAL
Deribit;1596732885;Sell;Market;BTC-PERPETUAL
Deribit;1596732885;Sell;Market;BTC-PERPETUAL
Deribit;1596733032;Buy;Market;BTC-PERPETUAL
Deribit;1596733032;Buy;Market;BTC-PERPETUAL
Deribit;1596733033;Sell;Market;BTC-PERPETUAL
Deribit;1596733036;Buy;Market;BTC-PERPETUAL
Deribit;1596733036;Buy;Market;BTC-PERPETUAL
Deribit;1596733040;Buy;Market;BTC-PERPETUAL
Deribit;1596733041;Buy;Market;BTC-PERPETUAL
Deribit;1596733042;Buy;Market;BTC-PERPETUAL
Deribit;1596733043;Buy;Market;BTC-PERPETUAL
Deribit;1596733044;Buy;Market;BTC-PERPETUAL
Deribit;1596733046;Buy;Market;BTC-PERPETUAL
Deribit;1596733047;Buy;Market;BTC-PERPETUAL
Deribit;1596733048;Buy;Market;BTC-PERPETUAL
Deribit;1596733049;Buy;Market;BTC-PERPETUAL
Deribit;1596733050;Buy;Market;BTC-PERPETUAL
Deribit;1596733051;Buy;Market;BTC-PERPETUAL
Deribit;1596733052;Buy;Market;BTC-PERPETUAL
Deribit;1596733053;Buy;Market;BTC-PERPETUAL
Deribit;1596733071;Sell;Market;BTC-PERPETUAL
Deribit;1596733071;Sell;Market;BTC-PERPETUAL
Deribit;1596733072;Sell;Market;BTC-PERPETUAL
Deribit;1596733072;Sell;Market;BTC-PERPETUAL
Deribit;1596733073;Buy;Market;BTC-PERPETUAL
Deribit;1596733073;Buy;Market;BTC-PERPETUAL
Deribit;1596733078;Buy;Market;BTC-PERPETUAL
Deribit;1596733078;Buy;Market;BTC-PERPETUAL
Deribit;1596733079;Buy;Market;BTC-PERPETUAL
Deribit;1596733079;Buy;Market;BTC-PERPETUAL
Deribit;1596733081;Buy;Market;BTC-PERPETUAL
Deribit;1596733081;Buy;Market;BTC-PERPETUAL
Deribit;1596733082;Buy;Market;BTC-PERPETUAL
Deribit;1596733082;Buy;Market;BTC-PERPETUAL
Deribit;1596733083;Buy;Market;BTC-PERPETUAL
Deribit;1596733083;Buy;Market;BTC-PERPETUAL
Deribit;1596733084;Buy;Market;BTC-PERPETUAL
Deribit;1596733084;Buy;Market;BTC-PERPETUAL
Deribit;1596733085;Buy;Market;BTC-PERPETUAL
Deribit;1596733085;Buy;Market;BTC-PERPETUAL
Deribit;1596733086;Buy;Market;BTC-PERPETUAL
Deribit;1596733086;Buy;Market;BTC-PERPETUAL
Deribit;1596733087;Buy;Market;BTC-PERPETUAL
Deribit;1596733087;Buy;Market;BTC-PERPETUAL
Deribit;1596733090;Buy;Market;BTC-PERPETUAL
Deribit;1596733090;Buy;Market;BTC-PERPETUAL
Deribit;1596733091;Buy;Market;BTC-PERPETUAL
Deribit;1596733091;Buy;Market;BTC-PERPETUAL
Deribit;1596733092;Buy;Market;BTC-PERPETUAL
Deribit;1596733092;Buy;Market;BTC-PERPETUAL
Deribit;1596733094;Buy;Market;BTC-PERPETUAL
Deribit;1596733094;Buy;Market;BTC-PERPETUAL
Deribit;1596733097;Buy;Market;BTC-PERPETUAL
Deribit;1596733097;Buy;Market;BTC-PERPETUAL
Deribit;1596733098;Buy;Market;BTC-PERPETUAL
Deribit;1596733098;Buy;Market;BTC-PERPETUAL
Deribit;1596733099;Buy;Market;BTC-PERPETUAL
Deribit;1596733113;Sell;Market;BTC-PERPETUAL
Deribit;1596733113;Sell;Market;BTC-PERPETUAL
Deribit;1596733114;Sell;Market;BTC-PERPETUAL
Deribit;1596733114;Sell;Market;BTC-PERPETUAL
Deribit;1596733130;Buy;Market;BTC-PERPETUAL
Deribit;1596733130;Buy;Market;BTC-PERPETUAL
Deribit;1596733132;Buy;Market;BTC-PERPETUAL
Deribit;1596733132;Buy;Market;BTC-PERPETUAL
Deribit;1596733134;Buy;Market;BTC-PERPETUAL
Deribit;1596733134;Buy;Market;BTC-PERPETUAL
Deribit;1596733135;Buy;Market;BTC-PERPETUAL
Deribit;1596733135;Buy;Market;BTC-PERPETUAL
Deribit;1596733136;Buy;Market;BTC-PERPETUAL
Deribit;1596733139;Sell;Market;BTC-PERPETUAL
Deribit;1596733139;Sell;Market;BTC-PERPETUAL
Deribit;1596733145;Buy;Market;BTC-PERPETUAL
Deribit;1596733145;Buy;Market;BTC-PERPETUAL
Deribit;1596733146;Sell;Market;BTC-PERPETUAL
Deribit;1596733155;Buy;Market;BTC-PERPETUAL
Deribit;1596733155;Buy;Market;BTC-PERPETUAL
Deribit;1596733156;Buy;Market;BTC-PERPETUAL
Deribit;1596733157;Sell;Market;BTC-PERPETUAL
Deribit;1596733157;Sell;Market;BTC-PERPETUAL
Deribit;1596733173;Buy;Market;BTC-PERPETUAL
Deribit;1596733173;Buy;Market;BTC-PERPETUAL
Deribit;1596733174;Buy;Market;BTC-PERPETUAL
Deribit;1596733184;Sell;Market;BTC-PERPETUAL
Deribit;1596733184;Sell;Market;BTC-PERPETUAL
Deribit;1596733185;Sell;Market;BTC-PERPETUAL
Deribit;1596733187;Sell;Market;BTC-PERPETUAL
Deribit;1596733188;Sell;Market;BTC-PERPETUAL
Deribit;1596733188;Sell;Market;BTC-PERPETUAL
Deribit;1596733190;Sell;Market;BTC-PERPETUAL
Deribit;1596733191;Sell;Market;BTC-PERPETUAL
Deribit;1596733192;Sell;Market;BTC-PERPETUAL
Deribit;1596733193;Sell;Market;BTC-PERPETUAL
Deribit;1596733194;Sell;Market;BTC-PERPETUAL
Deribit;1596733195;Sell;Market;BTC-PERPETUAL
Deribit;1596733196;Sell;Market;BTC-PERPETUAL
Deribit;1596733197;Sell;Market;BTC-PERPETUAL
Deribit;1596733203;Sell;Market;BTC-PERPETUAL
Deribit;1596733204;Sell;Market;BTC-PERPETUAL
Deribit;1596733205;Sell;Market;BTC-PERPETUAL
Deribit;1596733208;Sell;Market;BTC-PERPETUAL
Deribit;1596733209;Sell;Market;BTC-PERPETUAL
Deribit;1596733211;Sell;Market;BTC-PERPETUAL
Deribit;1596733212;Sell;Market;BTC-PERPETUAL
Deribit;1596733213;Sell;Market;BTC-PERPETUAL
Deribit;1596733214;Sell;Market;BTC-PERPETUAL
Deribit;1596733216;Sell;Market;BTC-PERPETUAL
Deribit;1596733217;Sell;Market;BTC-PERPETUAL
Deribit;1596733254;Buy;Market;BTC-PERPETUAL
Deribit;1596733254;Buy;Market;BTC-PERPETUAL
Deribit;1596733255;Buy;Market;BTC-PERPETUAL
Deribit;1596733255;Buy;Market;BTC-PERPETUAL
Deribit;1596733256;Buy;Market;BTC-PERPETUAL
Deribit;1596733256;Buy;Market;BTC-PERPETUAL
Deribit;1596733257;Buy;Market;BTC-PERPETUAL
Deribit;1596733257;Buy;Market;BTC-PERPETUAL
Deribit;1596733261;Buy;Market;BTC-PERPETUAL
Deribit;1596733261;Buy;Market;BTC-PERPETUAL
Deribit;1596733263;Buy;Market;BTC-PERPETUAL
Deribit;1596733263;Buy;Market;BTC-PERPETUAL
Deribit;1596733264;Buy;Market;BTC-PERPETUAL
Deribit;1596733264;Buy;Market;BTC-PERPETUAL
Deribit;1596733265;Buy;Market;BTC-PERPETUAL
Deribit;1596733265;Buy;Market;BTC-PERPETUAL
Deribit;1596733266;Buy;Market;BTC-PERPETUAL
Deribit;1596733266;Buy;Market;BTC-PERPETUAL
Deribit;1596733267;Buy;Market;BTC-PERPETUAL
Deribit;1596733267;Buy;Market;BTC-PERPETUAL
Deribit;1596733269;Buy;Market;BTC-PERPETUAL
Deribit;1596733269;Buy;Market;BTC-PERPETUAL
Deribit;1596733271;Buy;Market;BTC-PERPETUAL
Deribit;1596733271;Buy;Market;BTC-PERPETUAL
Deribit;1596733272;Buy;Market;BTC-PERPETUAL
Deribit;1596733272;Buy;Market;BTC-PERPETUAL
Deribit;1596733273;Buy;Market;BTC-PERPETUAL
Deribit;1596733346;Sell;Market;BTC-PERPETUAL
Deribit;1596733346;Sell;Market;BTC-PERPETUAL
Deribit;1596733347;Sell;Market;BTC-PERPETUAL
Deribit;1596733347;Sell;Market;BTC-PERPETUAL
Deribit;1596733348;Sell;Market;BTC-PERPETUAL
Deribit;1596733348;Sell;Market;BTC-PERPETUAL
Deribit;1596733349;Sell;Market;BTC-PERPETUAL
Deribit;1596733349;Sell;Market;BTC-PERPETUAL
Deribit;1596733350;Sell;Market;BTC-PERPETUAL
Deribit;1596733350;Sell;Market;BTC-PERPETUAL
Deribit;1596733351;Sell;Market;BTC-PERPETUAL
Deribit;1596733351;Sell;Market;BTC-PERPETUAL
Deribit;1596733352;Sell;Market;BTC-PERPETUAL
Deribit;1596733352;Sell;Market;BTC-PERPETUAL
Deribit;1596733361;Sell;Market;BTC-PERPETUAL
Deribit;1596733362;Sell;Market;BTC-PERPETUAL
Deribit;1596733365;Sell;Market;BTC-PERPETUAL
Deribit;1596733366;Sell;Market;BTC-PERPETUAL
Deribit;1596733368;Sell;Market;BTC-PERPETUAL
Deribit;1596733370;Sell;Market;BTC-PERPETUAL
Deribit;1596733372;Sell;Market;BTC-PERPETUAL
Deribit;1596733373;Sell;Market;BTC-PERPETUAL
Deribit;1596733374;Sell;Market;BTC-PERPETUAL
Deribit;1596733375;Sell;Market;BTC-PERPETUAL
Deribit;1596733376;Sell;Market;BTC-PERPETUAL
Deribit;1596733377;Sell;Market;BTC-PERPETUAL
Deribit;1596733378;Sell;Market;BTC-PERPETUAL
Deribit;1596733379;Sell;Market;BTC-PERPETUAL
Deribit;1596733380;Sell;Market;BTC-PERPETUAL
Deribit;1596733381;Sell;Market;BTC-PERPETUAL
Deribit;1596733382;Sell;Market;BTC-PERPETUAL
Deribit;1596733383;Sell;Market;BTC-PERPETUAL
Deribit;1596733384;Sell;Market;BTC-PERPETUAL
Deribit;1596733385;Sell;Market;BTC-PERPETUAL
Deribit;1596733386;Sell;Market;BTC-PERPETUAL
Deribit;1596733387;Sell;Market;BTC-PERPETUAL
Deribit;1596733390;Sell;Market;BTC-PERPETUAL
Deribit;1596733391;Sell;Market;BTC-PERPETUAL
Deribit;1596733393;Sell;Market;BTC-PERPETUAL
Deribit;1596733394;Sell;Market;BTC-PERPETUAL
Deribit;1596733395;Sell;Market;BTC-PERPETUAL
Deribit;1596733397;Sell;Market;BTC-PERPETUAL
Deribit;1596733398;Sell;Market;BTC-PERPETUAL
Deribit;1596733401;Sell;Market;BTC-PERPETUAL
Deribit;1596733404;Sell;Market;BTC-PERPETUAL
Deribit;1596733405;Sell;Market;BTC-PERPETUAL
Deribit;1596733406;Sell;Market;BTC-PERPETUAL
Deribit;1596733407;Sell;Market;BTC-PERPETUAL
Deribit;1596733408;Sell;Market;BTC-PERPETUAL
Deribit;1596733409;Sell;Market;BTC-PERPETUAL
Deribit;1596733410;Sell;Market;BTC-PERPETUAL
Deribit;1596733411;Sell;Market;BTC-PERPETUAL
Deribit;1596733412;Sell;Market;BTC-PERPETUAL
Deribit;1596733414;Sell;Market;BTC-PERPETUAL
Deribit;1596733415;Sell;Market;BTC-PERPETUAL
Deribit;1596733419;Sell;Market;BTC-PERPETUAL
Deribit;1596733422;Sell;Market;BTC-PERPETUAL
Deribit;1596733423;Sell;Market;BTC-PERPETUAL
Deribit;1596733426;Sell;Market;BTC-PERPETUAL
Deribit;1596733427;Sell;Market;BTC-PERPETUAL
Deribit;1596733428;Sell;Market;BTC-PERPETUAL
Deribit;1596733431;Sell;Market;BTC-PERPETUAL
Deribit;1596733432;Sell;Market;BTC-PERPETUAL
Deribit;1596733433;Sell;Market;BTC-PERPETUAL
Deribit;1596733434;Sell;Market;BTC-PERPETUAL
Deribit;1596733437;Sell;Market;BTC-PERPETUAL
Deribit;1596733438;Sell;Market;BTC-PERPETUAL
Deribit;1596733439;Sell;Market;BTC-PERPETUAL
Deribit;1596733440;Sell;Market;BTC-PERPETUAL
Deribit;1596733441;Sell;Market;BTC-PERPETUAL
Deribit;1596733442;Sell;Market;BTC-PERPETUAL
Deribit;1596733443;Sell;Market;BTC-PERPETUAL
Deribit;1596733447;Sell;Market;BTC-PERPETUAL
Deribit;1596733447;Sell;Market;BTC-PERPETUAL
Deribit;1596733448;Sell;Market;BTC-PERPETUAL
Deribit;1596733449;Sell;Market;BTC-PERPETUAL
Deribit;1596733460;Sell;Market;BTC-PERPETUAL
Deribit;1596733460;Sell;Market;BTC-PERPETUAL
Deribit;1596733460;Buy;Market;BTC-PERPETUAL
Deribit;1596733460;Buy;Market;BTC-PERPETUAL
Deribit;1596733461;Sell;Market;BTC-PERPETUAL
Deribit;1596733461;Buy;Market;BTC-PERPETUAL
Deribit;1596733461;Buy;Market;BTC-PERPETUAL
Deribit;1596733462;Sell;Market;BTC-PERPETUAL
Deribit;1596733462;Buy;Market;BTC-PERPETUAL
Deribit;1596733462;Buy;Market;BTC-PERPETUAL
Deribit;1596733463;Buy;Market;BTC-PERPETUAL
Deribit;1596733464;Buy;Market;BTC-PERPETUAL
Deribit;1596733466;Sell;Market;BTC-PERPETUAL
Deribit;1596733466;Buy;Market;BTC-PERPETUAL
Deribit;1596733466;Buy;Market;BTC-PERPETUAL
Deribit;1596733467;Buy;Market;BTC-PERPETUAL
Deribit;1596733468;Sell;Market;BTC-PERPETUAL
Deribit;1596733471;Sell;Market;BTC-PERPETUAL
Deribit;1596733473;Sell;Market;BTC-PERPETUAL
Deribit;1596733473;Sell;Market;BTC-PERPETUAL
Deribit;1596733476;Sell;Market;BTC-PERPETUAL
Deribit;1596733479;Sell;Market;BTC-PERPETUAL
Deribit;1596733481;Sell;Market;BTC-PERPETUAL
Deribit;1596733481;Buy;Market;BTC-PERPETUAL
Deribit;1596733481;Buy;Market;BTC-PERPETUAL
Deribit;1596733482;Sell;Market;BTC-PERPETUAL
Deribit;1596733484;Sell;Market;BTC-PERPETUAL
Deribit;1596733487;Sell;Market;BTC-PERPETUAL
Deribit;1596733492;Sell;Market;BTC-PERPETUAL
Deribit;1596733494;Sell;Market;BTC-PERPETUAL
Deribit;1596733495;Sell;Market;BTC-PERPETUAL
Deribit;1596733501;Sell;Market;BTC-PERPETUAL
Deribit;1596733505;Sell;Market;BTC-PERPETUAL
Deribit;1596733507;Sell;Market;BTC-PERPETUAL
Deribit;1596733508;Sell;Market;BTC-PERPETUAL
Deribit;1596733509;Sell;Market;BTC-PERPETUAL
Deribit;1596733510;Sell;Market;BTC-PERPETUAL
Deribit;1596733513;Sell;Market;BTC-PERPETUAL
Deribit;1596733514;Sell;Market;BTC-PERPETUAL
Deribit;1596733515;Sell;Market;BTC-PERPETUAL
Deribit;1596733518;Sell;Market;BTC-PERPETUAL
Deribit;1596733519;Sell;Market;BTC-PERPETUAL
Deribit;1596733524;Sell;Market;BTC-PERPETUAL
Deribit;1596733531;Sell;Market;BTC-PERPETUAL
Deribit;1596733531;Buy;Market;BTC-PERPETUAL
Deribit;1596733531;Buy;Market;BTC-PERPETUAL
Deribit;1596733533;Sell;Market;BTC-PERPETUAL
Deribit;1596733533;Buy;Market;BTC-PERPETUAL
Deribit;1596733533;Buy;Market;BTC-PERPETUAL
Deribit;1596733534;Sell;Market;BTC-PERPETUAL
Deribit;1596733534;Buy;Market;BTC-PERPETUAL
Deribit;1596733534;Buy;Market;BTC-PERPETUAL
Deribit;1596733535;Sell;Market;BTC-PERPETUAL
Deribit;1596733535;Buy;Market;BTC-PERPETUAL
Deribit;1596733535;Buy;Market;BTC-PERPETUAL
Deribit;1596733536;Sell;Market;BTC-PERPETUAL
Deribit;1596733536;Buy;Market;BTC-PERPETUAL
Deribit;1596733536;Buy;Market;BTC-PERPETUAL
Deribit;1596733537;Sell;Market;BTC-PERPETUAL
Deribit;1596733537;Buy;Market;BTC-PERPETUAL
Deribit;1596733537;Buy;Market;BTC-PERPETUAL
Deribit;1596733540;Sell;Market;BTC-PERPETUAL
Deribit;1596733540;Buy;Market;BTC-PERPETUAL
Deribit;1596733540;Buy;Market;BTC-PERPETUAL
Deribit;1596733541;Sell;Market;BTC-PERPETUAL
Deribit;1596733541;Buy;Market;BTC-PERPETUAL
Deribit;1596733541;Buy;Market;BTC-PERPETUAL
Deribit;1596733542;Sell;Market;BTC-PERPETUAL
Deribit;1596733542;Buy;Market;BTC-PERPETUAL
Deribit;1596733542;Buy;Market;BTC-PERPETUAL
Deribit;1596733618;Sell;Market;BTC-PERPETUAL
Deribit;1596733618;Sell;Market;BTC-PERPETUAL
Deribit;1596733665;Buy;Market;BTC-PERPETUAL
Deribit;1596733665;Buy;Market;BTC-PERPETUAL
Deribit;1596733668;Sell;Market;BTC-PERPETUAL
Deribit;1596733669;Sell;Market;BTC-PERPETUAL
Deribit;1596733670;Buy;Market;BTC-PERPETUAL
Deribit;1596733671;Buy;Market;BTC-PERPETUAL
Deribit;1596733671;Buy;Market;BTC-PERPETUAL
Deribit;1596733672;Buy;Market;BTC-PERPETUAL
Deribit;1596733672;Buy;Market;BTC-PERPETUAL
Deribit;1596733731;Sell;Market;BTC-PERPETUAL
Deribit;1596733731;Sell;Market;BTC-PERPETUAL
Deribit;1596733830;Buy;Market;BTC-PERPETUAL
Deribit;1596733830;Buy;Market;BTC-PERPETUAL
Deribit;1596733833;Sell;Market;BTC-PERPETUAL
Deribit;1596733840;Buy;Market;BTC-PERPETUAL
Deribit;1596733840;Buy;Market;BTC-PERPETUAL
Deribit;1596733842;Buy;Market;BTC-PERPETUAL
Deribit;1596733843;Sell;Market;BTC-PERPETUAL
Deribit;1596733843;Sell;Market;BTC-PERPETUAL
Deribit;1596734158;Sell;Market;BTC-PERPETUAL
Deribit;1596734159;Sell;Market;BTC-PERPETUAL
Deribit;1596734160;Sell;Market;BTC-PERPETUAL
Deribit;1596734161;Sell;Market;BTC-PERPETUAL
Deribit;1596734163;Sell;Market;BTC-PERPETUAL
Deribit;1596734163;Sell;Market;BTC-PERPETUAL
Deribit;1596734165;Sell;Market;BTC-PERPETUAL
Deribit;1596734166;Sell;Market;BTC-PERPETUAL
Deribit;1596734167;Sell;Market;BTC-PERPETUAL
Deribit;1596734168;Sell;Market;BTC-PERPETUAL
Deribit;1596734170;Sell;Market;BTC-PERPETUAL
Deribit;1596734170;Sell;Market;BTC-PERPETUAL
Deribit;1596734171;Sell;Market;BTC-PERPETUAL
Deribit;1596734173;Sell;Market;BTC-PERPETUAL
Deribit;1596734175;Sell;Market;BTC-PERPETUAL
Deribit;1596734176;Sell;Market;BTC-PERPETUAL
Deribit;1596734178;Sell;Market;BTC-PERPETUAL
Deribit;1596734178;Sell;Market;BTC-PERPETUAL
Deribit;1596734179;Sell;Market;BTC-PERPETUAL
Deribit;1596734180;Sell;Market;BTC-PERPETUAL
Deribit;1596734181;Sell;Market;BTC-PERPETUAL
Deribit;1596734182;Sell;Market;BTC-PERPETUAL
Deribit;1596734183;Sell;Market;BTC-PERPETUAL
Deribit;1596734512;Buy;Market;BTC-PERPETUAL
Deribit;1596734512;Buy;Market;BTC-PERPETUAL
Deribit;1596734513;Buy;Market;BTC-PERPETUAL
Deribit;1596734513;Buy;Market;BTC-PERPETUAL
Deribit;1596734514;Buy;Market;BTC-PERPETUAL
Deribit;1596734514;Buy;Market;BTC-PERPETUAL
Deribit;1596734658;Sell;Market;BTC-PERPETUAL
Deribit;1596734658;Sell;Market;BTC-PERPETUAL
Deribit;1596734810;Buy;Market;BTC-PERPETUAL
Deribit;1596734810;Buy;Market;BTC-PERPETUAL
Deribit;1596734811;Buy;Market;BTC-PERPETUAL
Deribit;1596734811;Buy;Market;BTC-PERPETUAL
Deribit;1596734813;Buy;Market;BTC-PERPETUAL
Deribit;1596734813;Buy;Market;BTC-PERPETUAL
Deribit;1596734814;Buy;Market;BTC-PERPETUAL
Deribit;1596734814;Buy;Market;BTC-PERPETUAL
Deribit;1596734815;Buy;Market;BTC-PERPETUAL
Deribit;1596734815;Buy;Market;BTC-PERPETUAL
Deribit;1596734822;Buy;Market;BTC-PERPETUAL
Deribit;1596734823;Buy;Market;BTC-PERPETUAL
Deribit;1596734831;Sell;Market;BTC-PERPETUAL
Deribit;1596734831;Sell;Market;BTC-PERPETUAL
Deribit;1596734833;Sell;Market;BTC-PERPETUAL
Deribit;1596734833;Sell;Market;BTC-PERPETUAL
Deribit;1596734859;Buy;Market;BTC-PERPETUAL
Deribit;1596734859;Buy;Market;BTC-PERPETUAL
Deribit;1596734860;Buy;Market;BTC-PERPETUAL
Deribit;1596734860;Buy;Market;BTC-PERPETUAL
Deribit;1596734864;Buy;Market;BTC-PERPETUAL
Deribit;1596734864;Buy;Market;BTC-PERPETUAL
Deribit;1596734868;Buy;Market;BTC-PERPETUAL
Deribit;1596734868;Buy;Market;BTC-PERPETUAL
Deribit;1596734869;Buy;Market;BTC-PERPETUAL
Deribit;1596734880;Sell;Market;BTC-PERPETUAL
Deribit;1596734880;Sell;Market;BTC-PERPETUAL
Deribit;1596734937;Buy;Market;BTC-PERPETUAL
Deribit;1596734937;Buy;Market;BTC-PERPETUAL
Deribit;1596734939;Buy;Market;BTC-PERPETUAL
Deribit;1596734956;Sell;Market;BTC-PERPETUAL
Deribit;1596734956;Sell;Market;BTC-PERPETUAL
Deribit;1596734959;Buy;Market;BTC-PERPETUAL
Deribit;1596734959;Buy;Market;BTC-PERPETUAL
Deribit;1596734967;Buy;Market;BTC-PERPETUAL
Deribit;1596734968;Buy;Market;BTC-PERPETUAL
Deribit;1596734975;Sell;Market;BTC-PERPETUAL
Deribit;1596734975;Sell;Market;BTC-PERPETUAL
Deribit;1596734976;Sell;Market;BTC-PERPETUAL
Deribit;1596734976;Sell;Market;BTC-PERPETUAL
Deribit;1596734977;Buy;Market;BTC-PERPETUAL
Deribit;1596734977;Buy;Market;BTC-PERPETUAL
Deribit;1596734978;Buy;Market;BTC-PERPETUAL
Deribit;1596734978;Buy;Market;BTC-PERPETUAL
Deribit;1596734979;Buy;Market;BTC-PERPETUAL
Deribit;1596734979;Buy;Market;BTC-PERPETUAL
Deribit;1596734980;Buy;Market;BTC-PERPETUAL
Deribit;1596734980;Buy;Market;BTC-PERPETUAL
Deribit;1596734981;Buy;Market;BTC-PERPETUAL
Deribit;1596735107;Buy;Market;BTC-PERPETUAL
Deribit;1596735228;Sell;Market;BTC-PERPETUAL
Deribit;1596735229;Sell;Market;BTC-PERPETUAL
Deribit;1596735230;Buy;Market;BTC-PERPETUAL
Deribit;1596735231;Buy;Market;BTC-PERPETUAL
Deribit;1596735231;Buy;Market;BTC-PERPETUAL
Deribit;1596735233;Buy;Market;BTC-PERPETUAL
Deribit;1596735234;Buy;Market;BTC-PERPETUAL
Deribit;1596735274;Sell;Market;BTC-PERPETUAL
Deribit;1596735275;Buy;Market;BTC-PERPETUAL
Deribit;1596735276;Buy;Market;BTC-PERPETUAL
Deribit;1596735730;Sell;Market;BTC-PERPETUAL
Deribit;1596735731;Buy;Market;BTC-PERPETUAL
Deribit;1596735969;Sell;Market;BTC-PERPETUAL
Deribit;1596735969;Sell;Market;BTC-PERPETUAL
Deribit;1596735973;Buy;Market;BTC-PERPETUAL
Deribit;1596735973;Buy;Market;BTC-PERPETUAL
Deribit;1596735975;Sell;Market;BTC-PERPETUAL
Deribit;1596735976;Sell;Market;BTC-PERPETUAL
Deribit;1596736027;Buy;Market;BTC-PERPETUAL
Deribit;1596736027;Buy;Market;BTC-PERPETUAL
Deribit;1596736028;Buy;Market;BTC-PERPETUAL
Deribit;1596736028;Buy;Market;BTC-PERPETUAL
Deribit;1596736029;Buy;Market;BTC-PERPETUAL
Deribit;1596736094;Sell;Market;BTC-PERPETUAL
Deribit;1596736094;Sell;Market;BTC-PERPETUAL
Deribit;1596736095;Sell;Market;BTC-PERPETUAL
Deribit;1596736095;Sell;Market;BTC-PERPETUAL
Deribit;1596736111;Buy;Market;BTC-PERPETUAL
Deribit;1596736111;Buy;Market;BTC-PERPETUAL
Deribit;1596736137;Buy;Market;BTC-PERPETUAL
Deribit;1596736137;Buy;Market;BTC-PERPETUAL
Deribit;1596736142;Buy;Market;BTC-PERPETUAL
Deribit;1596736142;Buy;Market;BTC-PERPETUAL
Deribit;1596736143;Buy;Market;BTC-PERPETUAL
Deribit;1596736145;Sell;Market;BTC-PERPETUAL
Deribit;1596736145;Sell;Market;BTC-PERPETUAL
Deribit;1596736148;Buy;Market;BTC-PERPETUAL
Deribit;1596736148;Buy;Market;BTC-PERPETUAL
Deribit;1596736149;Buy;Market;BTC-PERPETUAL
Deribit;1596736182;Sell;Market;BTC-PERPETUAL
Deribit;1596736182;Sell;Market;BTC-PERPETUAL
Deribit;1596736183;Sell;Market;BTC-PERPETUAL
Deribit;1596736186;Buy;Market;BTC-PERPETUAL
Deribit;1596736186;Buy;Market;BTC-PERPETUAL
Deribit;1596736187;Buy;Market;BTC-PERPETUAL
Deribit;1596736190;Buy;Market;BTC-PERPETUAL
Deribit;1596736191;Buy;Market;BTC-PERPETUAL
Deribit;1596736192;Buy;Market;BTC-PERPETUAL
Deribit;1596736326;Sell;Market;BTC-PERPETUAL
Deribit;1596736326;Sell;Market;BTC-PERPETUAL
Deribit;1596736327;Buy;Market;BTC-PERPETUAL
Deribit;1596736327;Buy;Market;BTC-PERPETUAL
Deribit;1596736332;Buy;Market;BTC-PERPETUAL
Deribit;1596736348;Sell;Market;BTC-PERPETUAL
Deribit;1596736348;Sell;Market;BTC-PERPETUAL
Deribit;1596736349;Sell;Market;BTC-PERPETUAL
Deribit;1596736349;Sell;Market;BTC-PERPETUAL
Deribit;1596736395;Buy;Market;BTC-PERPETUAL
Deribit;1596736395;Buy;Market;BTC-PERPETUAL
Deribit;1596736399;Buy;Market;BTC-PERPETUAL
Deribit;1596736399;Buy;Market;BTC-PERPETUAL
Deribit;1596736413;Buy;Market;BTC-PERPETUAL
Deribit;1596736413;Buy;Market;BTC-PERPETUAL
Deribit;1596736417;Buy;Market;BTC-PERPETUAL
Deribit;1596736460;Sell;Market;BTC-PERPETUAL
Deribit;1596736460;Sell;Market;BTC-PERPETUAL
Deribit;1596736531;Buy;Market;BTC-PERPETUAL
Deribit;1596736531;Buy;Market;BTC-PERPETUAL
Deribit;1596736532;Buy;Market;BTC-PERPETUAL
Deribit;1596736532;Buy;Market;BTC-PERPETUAL
Deribit;1596736533;Buy;Market;BTC-PERPETUAL
Deribit;1596736769;Sell;Market;BTC-PERPETUAL
Deribit;1596736769;Sell;Market;BTC-PERPETUAL
Deribit;1596736818;Buy;Market;BTC-PERPETUAL
Deribit;1596736818;Buy;Market;BTC-PERPETUAL
Deribit;1596736819;Buy;Market;BTC-PERPETUAL
Deribit;1596736819;Buy;Market;BTC-PERPETUAL
Deribit;1596736820;Buy;Market;BTC-PERPETUAL
Deribit;1596736894;Buy;Market;BTC-PERPETUAL
Deribit;1596736937;Sell;Market;BTC-PERPETUAL
Deribit;1596736937;Sell;Market;BTC-PERPETUAL
Deribit;1596736938;Sell;Market;BTC-PERPETUAL
Deribit;1596736938;Sell;Market;BTC-PERPETUAL
Deribit;1596736939;Sell;Market;BTC-PERPETUAL
Deribit;1596736939;Sell;Market;BTC-PERPETUAL
Deribit;1596736956;Sell;Market;BTC-PERPETUAL
Deribit;1596736957;Sell;Market;BTC-PERPETUAL
Deribit;1596736958;Sell;Market;BTC-PERPETUAL
Deribit;1596736961;Sell;Market;BTC-PERPETUAL
Deribit;1596736964;Sell;Market;BTC-PERPETUAL
Deribit;1596736965;Sell;Market;BTC-PERPETUAL
Deribit;1596736967;Sell;Market;BTC-PERPETUAL
Deribit;1596736969;Sell;Market;BTC-PERPETUAL
Deribit;1596736970;Sell;Market;BTC-PERPETUAL
Deribit;1596736971;Sell;Market;BTC-PERPETUAL
Deribit;1596736972;Sell;Market;BTC-PERPETUAL
Deribit;1596736975;Sell;Market;BTC-PERPETUAL
Deribit;1596736978;Sell;Market;BTC-PERPETUAL
Deribit;1596736980;Sell;Market;BTC-PERPETUAL
Deribit;1596736981;Sell;Market;BTC-PERPETUAL
Deribit;1596736983;Sell;Market;BTC-PERPETUAL
Deribit;1596736984;Sell;Market;BTC-PERPETUAL
Deribit;1596736985;Sell;Market;BTC-PERPETUAL
Deribit;1596736986;Sell;Market;BTC-PERPETUAL
Deribit;1596736988;Sell;Market;BTC-PERPETUAL
Deribit;1596736989;Sell;Market;BTC-PERPETUAL
Deribit;1596736990;Sell;Market;BTC-PERPETUAL
Deribit;1596736991;Sell;Market;BTC-PERPETUAL
Deribit;1596736993;Sell;Market;BTC-PERPETUAL
Deribit;1596736996;Sell;Market;BTC-PERPETUAL
Deribit;1596736997;Sell;Market;BTC-PERPETUAL
Deribit;1596737000;Sell;Market;BTC-PERPETUAL
Deribit;1596737001;Sell;Market;BTC-PERPETUAL
Deribit;1596737002;Sell;Market;BTC-PERPETUAL
Deribit;1596737003;Sell;Market;BTC-PERPETUAL
Deribit;1596737004;Sell;Market;BTC-PERPETUAL
Deribit;1596737005;Sell;Market;BTC-PERPETUAL
Deribit;1596737006;Sell;Market;BTC-PERPETUAL
Deribit;1596737007;Sell;Market;BTC-PERPETUAL
Deribit;1596737008;Sell;Market;BTC-PERPETUAL
Deribit;1596737009;Sell;Market;BTC-PERPETUAL
Deribit;1596737010;Sell;Market;BTC-PERPETUAL
Deribit;1596737011;Sell;Market;BTC-PERPETUAL
Deribit;1596737012;Sell;Market;BTC-PERPETUAL
Deribit;1596737013;Sell;Market;BTC-PERPETUAL
Deribit;1596737014;Sell;Market;BTC-PERPETUAL
Deribit;1596737015;Sell;Market;BTC-PERPETUAL
Deribit;1596737016;Sell;Market;BTC-PERPETUAL
Deribit;1596737017;Sell;Market;BTC-PERPETUAL
Deribit;1596737018;Sell;Market;BTC-PERPETUAL
Deribit;1596737019;Sell;Market;BTC-PERPETUAL
Deribit;1596737020;Sell;Market;BTC-PERPETUAL
Deribit;1596737021;Sell;Market;BTC-PERPETUAL
Deribit;1596737022;Sell;Market;BTC-PERPETUAL
Deribit;1596737023;Sell;Market;BTC-PERPETUAL
Deribit;1596737024;Sell;Market;BTC-PERPETUAL
Deribit;1596737025;Sell;Market;BTC-PERPETUAL
Deribit;1596737029;Sell;Market;BTC-PERPETUAL
Deribit;1596737030;Sell;Market;BTC-PERPETUAL
Deribit;1596737031;Sell;Market;BTC-PERPETUAL
Deribit;1596737034;Sell;Market;BTC-PERPETUAL
Deribit;1596737035;Sell;Market;BTC-PERPETUAL
Deribit;1596737036;Sell;Market;BTC-PERPETUAL
Deribit;1596737037;Sell;Market;BTC-PERPETUAL
Deribit;1596737038;Sell;Market;BTC-PERPETUAL
Deribit;1596737047;Sell;Market;BTC-PERPETUAL
Deribit;1596737051;Sell;Market;BTC-PERPETUAL
Deribit;1596737054;Sell;Market;BTC-PERPETUAL
Deribit;1596737057;Sell;Market;BTC-PERPETUAL
Deribit;1596737060;Sell;Market;BTC-PERPETUAL
Deribit;1596737060;Sell;Market;BTC-PERPETUAL
Deribit;1596737062;Sell;Market;BTC-PERPETUAL
Deribit;1596737062;Sell;Market;BTC-PERPETUAL
Deribit;1596737064;Sell;Market;BTC-PERPETUAL
Deribit;1596737065;Sell;Market;BTC-PERPETUAL
Deribit;1596737067;Sell;Market;BTC-PERPETUAL
Deribit;1596737069;Sell;Market;BTC-PERPETUAL
Deribit;1596737070;Sell;Market;BTC-PERPETUAL
Deribit;1596737073;Sell;Market;BTC-PERPETUAL
Deribit;1596737074;Sell;Market;BTC-PERPETUAL
Deribit;1596737075;Sell;Market;BTC-PERPETUAL
Deribit;1596737078;Sell;Market;BTC-PERPETUAL
Deribit;1596737081;Sell;Market;BTC-PERPETUAL
Deribit;1596737083;Sell;Market;BTC-PERPETUAL
Deribit;1596737085;Sell;Market;BTC-PERPETUAL
Deribit;1596737087;Sell;Market;BTC-PERPETUAL
Deribit;1596737088;Sell;Market;BTC-PERPETUAL
Deribit;1596737089;Sell;Market;BTC-PERPETUAL
Deribit;1596737090;Sell;Market;BTC-PERPETUAL
Deribit;1596737091;Sell;Market;BTC-PERPETUAL
Deribit;1596737092;Sell;Market;BTC-PERPETUAL
Deribit;1596737093;Sell;Market;BTC-PERPETUAL
Deribit;1596737094;Sell;Market;BTC-PERPETUAL
Deribit;1596737097;Sell;Market;BTC-PERPETUAL
Deribit;1596737098;Sell;Market;BTC-PERPETUAL
Deribit;1596737100;Sell;Market;BTC-PERPETUAL
Deribit;1596737101;Sell;Market;BTC-PERPETUAL
Deribit;1596737102;Sell;Market;BTC-PERPETUAL
Deribit;1596737103;Sell;Market;BTC-PERPETUAL
Deribit;1596737105;Sell;Market;BTC-PERPETUAL
Deribit;1596737106;Sell;Market;BTC-PERPETUAL
Deribit;1596737107;Sell;Market;BTC-PERPETUAL
Deribit;1596737108;Sell;Market;BTC-PERPETUAL
Deribit;1596737109;Sell;Market;BTC-PERPETUAL
Deribit;1596737110;Sell;Market;BTC-PERPETUAL
Deribit;1596737111;Sell;Market;BTC-PERPETUAL
Deribit;1596737112;Sell;Market;BTC-PERPETUAL
Deribit;1596737113;Sell;Market;BTC-PERPETUAL
Deribit;1596737114;Sell;Market;BTC-PERPETUAL
Deribit;1596737115;Sell;Market;BTC-PERPETUAL
Deribit;1596737116;Sell;Market;BTC-PERPETUAL
Deribit;1596737118;Sell;Market;BTC-PERPETUAL
Deribit;1596737119;Sell;Market;BTC-PERPETUAL
Deribit;1596737120;Sell;Market;BTC-PERPETUAL
Deribit;1596737123;Sell;Market;BTC-PERPETUAL
Deribit;1596737124;Sell;Market;BTC-PERPETUAL
Deribit;1596737126;Sell;Market;BTC-PERPETUAL
Deribit;1596737128;Sell;Market;BTC-PERPETUAL
Deribit;1596737129;Sell;Market;BTC-PERPETUAL
Deribit;1596737130;Sell;Market;BTC-PERPETUAL
Deribit;1596737131;Sell;Market;BTC-PERPETUAL
Deribit;1596737132;Sell;Market;BTC-PERPETUAL
Deribit;1596737133;Sell;Market;BTC-PERPETUAL
Deribit;1596737134;Sell;Market;BTC-PERPETUAL
Deribit;1596737135;Sell;Market;BTC-PERPETUAL
Deribit;1596737136;Sell;Market;BTC-PERPETUAL
Deribit;1596737137;Sell;Market;BTC-PERPETUAL
